3120 5474
692 408 869 471 -laa-

162 581 275 648 cidet.
298 581 475 647 Erravisse
494 580 687 666 praesertim
711 579 798 646 mihi
817 579 953 646 videtur
971 596 1078 663 quum
1098 574 1206 663 Trojae
1225 579 1333 661 captae
1351 580 1385 644 et

163 693 300 754 exustae
310 687 481 772 picturam
498 687 708 752 inTbomam
720 685 812 751 Nash
827 682 1031 750 conferatob
1047 700 1122 748 eam
1138 700 1277 749 causam
1293 682 1385 767 quod

164 794 227 861 hic
241 795 341 862 locus
361 795 479 861 inllato
497 792 751 876 deridendoque
774 790 911 857 dicendi
930 808 1057 877 genere
1080 787 1230 855 maxime
1248 788 1384 873 conspi-
1471 834 1473 838 -

165 918 258 968 ouus
278 900 343 979 sit;
369 919 410 966 ex
431 917 499 982 quo
523 898 586 963 hoc
605 913 727 983 cogere
749 896 833 974 vult,
855 895 1020 961 Thomam
1046 894 1139 961 Nash
1165 893 1384 962 ambitiosam

167 1006 369 1074 indicendo
379 1003 580 1090 jactantiam
597 1005 631 1066 et
645 1001 815 1085 ampullas
831 1001 1020 1085 captavisse
1033 1003 1071 1067 ut
1086 999 1238 1086 inopiam
1253 1000 1385 1088 ingenii

169 1112 239 1192 sui,
262 1113 307 1178 ad
326 1131 382 1178 res
401 1111 517 1177 animo
536 1106 716 1194 tingendas
742 1106 885 1184 infirmi,
906 1109 1048 1194 tegeret.
1072 1108 1191 1173 Nonne
1213 1107 1385 1174 verisimi-

168 1219 240 1287 lius
259 1221 313 1285 est
330 1219 423 1285 hunc
438 1217 565 1295 locum,
581 1232 691 1299 quum
710 1213 856 1279 virtutes
880 1213 1092 1297 mendasque
1116 1213 1151 1279 in
1177 1213 1297 1280 multis
1322 1215 1385 1282 Ta-

170 1325 318 1392 merlani
347 1324 430 1391 locis
458 1325 591 1389 notatas
614 1320 784 1405 praebeat,
817 1320 937 1386 eodem
960 1324 1112 1406 tempore
1129 1324 1200 1386 eta
1224 1321 1386 1388 llarlovio

172 1433 342 1519 scriptum
361 1427 493 1498 luisse?
517 1429 551 1495 Si
576 1433 739 1513 praelerea
761 1427 946 1492 lllarlovius
965 1427 1104 1512 reliquit
1118 1425 1269 1493 fabulam
1285 1428 1384 1495 abso-

172 1539 282 1606 lutam
305 1541 340 1604 et
364 1538 455 1604 Nash
480 1554 556 1602 eam
576 1534 688 1600 solum
714 1533 923 1610 retractavit,
944 1535 977 1598 et
996 1550 1035 1600 ea
1049 1535 1102 1599 est
1118 1533 1238 1600 Wardi
1254 1535 1287 1600 et
1301 1534 1382 1601 Bul·

173 1644 240 1711 leni
263 1645 445 1722 sententia,
467 1661 522 1709 res
546 1661 565 1708 a
589 1642 703 1727 Payno
727 1639 872 1706 Colliero
896 1643 1024 1706 tentata
1043 1637 1133 1707 ellici
1161 1641 1256 1707 nullo
1282 1641 1384 1708 modo

174 1753 294 1836 polest.

213 1858 267 1925 Ad
283 1857 374 1924 hanc
390 1854 540 1921 fabulam
552 1855 770 1921 scribendam
783 1853 944 1920 inductus
957 1852 1020 1919 luit
1030 1854 1214 1921 Marlovius
1225 1854 1385 1922 sensibus

176 1964 231 2047 qui
251 1982 332 2030 eum
349 1963 573 2048 impulerunt,
590 1978 699 2046 quum
718 1978 848 2047 graecos
867 1962 899 2025 et
920 1960 1045 2026 latinos
1064 1960 1247 2046 scriptores
1270 1962 1385 2028 imita·

176 2074 266 2137 retur
291 2072 352 2137 aut
376 2072 522 2136 verteret
546 2069 581 2133 in
606 2067 851 2144 britannicum,
878 2066 920 2132 ad
947 2084 1048 2150 opera
1066 2067 1286 2152 potissimum
1300 2068 1385 2135 deli-

176 2178 283 2264 ganda
308 2175 436 2262 quibus
458 2191 555 2241 amor
579 2173 816 2259 cupidissime,
844 2172 929 2258 quin
954 2173 1057 2239 etiam
1081 2174 1226 2241 obscene
1252 2174 1387 2242 effictus

175 2282 247 2366 luit,
259 2286 300 2350 ut
314 2281 503 2350 celebraret
516 2279 698 2347 muliebris
714 2278 834 2346 formae
844 2279 1151 2365 pulchritudinem,
1164 2299 1269 2366 quam
1280 2281 1383 2347 mira·

173 2386 274 2458 batur
299 2392 334 2456 et
357 2388 536 2474 appetebat
554 2387 715 2474 flagranti
740 2387 854 2454 studio
869 2385 949 2473 jure
968 2405 1008 2454 ac
1026 2387 1150 2453 merito
1174 2406 1193 2453 a
1216 2388 1386 2455 Gulielmo

171 2495 373 2585 Wagnero¹
393 2495 483 2560 inter
495 2494 651 2580 insignes
666 2493 796 2581 ingenii
818 2493 872 2560 sui
894 2493 990 2559 dotes
1007 2493 1199 2580 designato.
1219 2494 1254 2561 si
1270 2498 1386 2560 tamen

164 2605 304 2685 primas
319 2619 441 2668 scenas
457 2601 621 2680 excludis,
634 2600 776 2667 allectus
786 2600 879 2666 enim
892 2599 1092 2685 exprimunt
1105 2619 1192 2685 quos
1206 2601 1386 2669 ostendere

160 2708 405 2777 recentiorum
428 2725 541 2773 mores
565 2710 681 2773 vetant
705 2710 738 2773 et
760 2708 928 2792 quosdam
952 2708 1044 2774 locos
1067 2708 1145 2793 plus
1168 2725 1266 2794 aequo
1287 2711 1384 2794 petu-

161 2810 295 2893 lantes,
318 2813 434 2880 fabula
462 2832 530 2880 non
559 2813 736 2898 propalam
766 2814 929 2881 decorum
957 2813 1110 2880 offendit.
1139 2815 1325 2882 lllarlovius
1352 2820 1387 2884 et

160 2919 264 2989 Nash
279 2925 396 2987 motus
412 2921 519 2987 animi
534 2938 651 2986 amore
667 2920 797 2988 incensi
813 2919 1050 3000 describendo,
1071 2920 1256 3008 Virgilium
1277 2923 1385 2990 secuti

163 3032 265 3107 sunt,
283 3026 422 3094 licentia
443 3032 644 3093 autemnon
664 3029 925 3113 superaverunt,
942 3030 1016 3093 tum
1041 3027 1145 3093 etiam
1169 3046 1279 3113 quum
1293 3028 1386 3097 locos

163 3133 401 3201 effusissimas
420 3133 583 3200 libidines
603 3137 841 3219 expromentes
861 3136 1115 3219 componerent.
1139 3133 1278 3213 Fabula,
1297 3154 1385 3220 prae·

167 3245 269 3308 sente
284 3240 418 3327 regina,
435 3240 534 3326 cujus
549 3241 585 3306 in
599 3244 784 3325 conspectu
799 3240 942 3326 quidam
957 3239 1090 3307 decoris
1107 3240 1230 3308 modus
1245 3260 1384 3309 servan-

170 3349 238 3415 dus
256 3351 342 3426 erat,
360 3351 434 3414 acta
449 3347 530 3429 fuit,
558 3348 782 3431 quamobrem
805 3348 954 3415 Thomas
981 3347 1090 3423 Nash,
1116 3347 1324 3433 quibusdam
1348 3349 1384 3417 in

173 3454 342 3540 partibus,
368 3453 455 3519 forte
483 3454 584 3521 verba
613 3453 772 3532 mutavit,
798 3455 851 3520 vel
874 3471 994 3520 eorum
1018 3453 1163 3520 nimiam
1192 3454 1385 3522 libertatem

175 3560 364 3647 mitigavit.
384 3561 456 3627 Hoc
471 3565 586 3627 tamen
605 3579 646 3626 ex
665 3561 771 3627 nullis
791 3560 929 3627 indiciis
949 3565 1101 3646 apparet.
1129 3561 1267 3629 Fabulae
1286 3566 1385 3631 caete·

176 3685 253 3733 rum
267 3670 472 3753 argumento
487 3665 630 3751 quidam
645 3665 822 3732 Elizabetb
842 3666 1016 3733 molliores
1031 3666 1248 3753 affectatique
1263 3688 1385 3737 sensus

177 3775 209 3839 et
230 3772 390 3858 superbia
419 3772 493 3838 sine
516 3772 621 3839 dubio
644 3772 912 3839 delectabantur.
939 3773 981 3839 Ei
1008 3772 1209 3861 gratissima
1234 3775 1385 3861 prolecto

178 3877 313 3946 luerunt
341 3882 461 3945 eventa
489 3897 658 3964 casusque
681 3878 808 3964 quibus
831 3879 1046 3946 observantia
1070 3879 1251 3968 religionis
1278 3887 1312 3949 et
1336 3883 1384 3949 rei

178 3984 320 4071 publicae
335 3985 507 4070 potentior
520 4004 625 4071 quam
640 3985 935 4052 vehementissimi
955 3986 1084 4053 amoris
1102 3991 1208 4055 aestus
1227 3990 1385 4057 ostende-

177 4090 318 4159 baturet
329 4091 459 4157 scilicet
468 4108 587 4175 parem
598 4089 651 4156 sui
667 4090 807 4177 agnovit
821 4107 890 4157 non
900 4091 1081 4170 Didonem,
1093 4093 1240 4160 AEneam
1255 4096 1383 4172 autem,

178 4198 273 4285 cujus
284 4215 430 4284 persona
440 4197 549 4263 multo
565 4196 694 4282 majore
705 4196 934 4265 similitudine
945 4197 1135 4286 imaginem
1148 4218 1247 4267 suam
1258 4200 1383 4268 reddit.

178 4305 275 4372 Forte
288 4303 480 4374 familiares
494 4303 623 4390 reginae
638 4303 727 4370 clam
743 4309 987 4373 mussaverunt
1000 4322 1077 4372 earn
1088 4303 1177 4392 (quae
1192 4306 1254 4383 lros
1264 4324 1384 4374 susur-

206 4570 406 4636 ¹curist0pner
417 4569 565 4621 Marlowe’s
578 4570 691 4634 trcgedy
707 4569 736 4621 ol
747 4570 862 4622 Edward
880 4570 926 4622 the
942 4570 1046 4623 Second
1064 4572 1129 4623 wilh
1143 4586 1179 4624 en
1198 4572 1383 4626 introduction

176 4653 343 4798 fflngoessu
347 4652 384 4716 by
399 4651 498 4702 Wilhel
514 4652 645 4715 Wagner,
664 4650 713 4703 Ph.
738 4652 766 4702 b.
789 4678 820 4689 -
840 4651 988 4716 isenburg,
1005 4652 1090 4716 Boyes
1106 4653 1161 4704 end
1180 4653 1291 4717 Geieler‚
1311 4655 1382 4718 1871,

241 4770 249 4797 ,
285 4767 293 4784 .
349 4767 355 4780 .
