3120 5474
692 383 867 447 -154-

176 552 310 622 Collieri
333 553 475 623 inclinat
500 557 680 637 sententia,
707 562 746 625 ut
769 558 840 626 The
859 560 1042 626 llossocre
1063 562 1103 626 ot
1125 561 1233 628 Poris
1255 561 1339 628 lausto

174 662 268 747 prior
292 661 348 741 sit,
370 664 462 749 quod
484 663 579 731 omni
595 684 636 730 ox
652 668 747 750 parte
767 665 848 733 huic
863 666 987 752 impar,
1005 667 1142 734 mendis
1161 672 1300 755 corrupta
1314 669 1343 736 sit

175 788 278 855 supra
301 770 338 836 in
360 771 562 837 Tamerlano
581 772 783 858 vituperatis
807 775 840 839 et
856 792 944 859 quae,
966 792 1029 840 nec
1052 775 1088 841 in
1105 777 1239 856 Fausto,
1258 796 1307 844 nec
1320 777 1343 843 in

174 876 321 962 posteris
336 874 461 944 fabulis
477 880 707 965 reperiuntur.
722 882 833 946 Tenor
855 882 889 946 in
910 881 1013 948 rebus
1033 884 1067 949 et
1092 884 1191 950 nodis
1211 884 1345 970 imprimis

174 983 281 1062 deest,
306 986 340 1051 et
362 984 426 1051 hoc
445 987 569 1054 vitium
594 1007 634 1054 ex
658 1007 698 1055 eo
717 988 906 1074 profectum
930 993 983 1056 est
1000 991 1092 1076 quod
1108 993 1225 1058 omnia
1247 1011 1309 1078 qua
1323 992 1346 1058 ir

173 1110 211 1157 re
239 1093 331 1170 sunt,
357 1096 505 1179 vergunt
528 1095 563 1159 et
585 1093 794 1160 conveniunt
818 1094 853 1160 in
878 1112 984 1162 unam
1006 1113 1204 1180 personam,
1226 1095 1348 1164 Guisiun
1395 1152 1399 1161 .

173 1197 323 1277 Ducem,
362 1198 460 1285 cujus
497 1200 633 1285 publica
662 1200 863 1286 privataque
899 1202 991 1280 vita,
1022 1202 1090 1268 cito
1121 1205 1297 1290 explicata,
1325 1203 1349 1268 in

173 1307 333 1391 promptu
348 1309 401 1373 est
415 1310 449 1372 et
463 1325 583 1373 omnes
603 1306 687 1373 alias
707 1307 755 1375 rei
776 1312 890 1393 partes
905 1309 1063 1376 occultat.
1081 1310 1164 1378 Jure
1187 1330 1227 1379 ac
1243 1312 1350 1378 solerter

172 1411 297 1478 vitium
325 1413 411 1480 illud
435 1414 655 1500 reprehendit
680 1417 816 1501 Paynus
840 1417 1017 1483 Collierus.
1045 1418 1250 1485 Parisiensis
1269 1417 1350 1486 cades

172 1518 374 1587 festinanter
401 1524 435 1588 et
458 1522 682 1608 indiligenter
705 1524 893 1608 composita
917 1522 1024 1591 fuisse
1047 1524 1199 1607 videtur,
1225 1529 1266 1605 et,
1286 1522 1352 1612 typis

172 1631 346 1711 mandata,
384 1649 454 1699 non
490 1633 686 1700 accuratius
722 1633 889 1720 impressa
927 1634 1004 1701 fuit.
1040 1634 1139 1702 Unde
1167 1639 1352 1701 autemnon

173 1738 328 1824 sequitur
346 1741 385 1818 ut
400 1740 525 1807 Fausto
539 1740 634 1826 prior
657 1740 714 1807 sit.
737 1742 810 1808 Non
825 1742 942 1809 minus
957 1741 994 1808 in
1009 1744 1133 1809 natura
1148 1760 1264 1809 rerum
1277 1740 1318 1807 est
1328 1736 1355 1804 ut

171 1864 263 1914 unus
287 1865 406 1914 eorum
425 1847 483 1933 qui
511 1847 655 1914 theatris
679 1851 847 1934 praeerant
869 1849 1052 1917 tentaverit
1077 1851 1241 1936 questum
1259 1846 1353 1919 facere,

171 1956 205 2020 et
224 1972 242 2020 e
261 1950 351 2020 fama
374 1953 541 2033 Marlovii‚
558 1953 629 2040 jam
655 1974 816 2041 prospera
830 1956 1023 2023 Tamerlani
1049 1958 1082 2024 et
1102 1955 1223 2022 Fausti
1246 1953 1357 2021 fortuna

171 2059 347 2140 illustrati,
373 2064 407 2127 et
428 2080 469 2127 ex
491 2062 570 2128 odio
590 2081 709 2129 eorum
725 2050 797 2147 qui,
819 2081 917 2130 novae
931 2063 1091 2151 religioni
1110 2062 1273 2142 faventes,
1287 2053 1358 2146 apud

171 2167 365 2247 Britannos,
387 2168 622 2236 inimicissimi
647 2173 745 2236 erant
768 2171 872 2237 caedis
890 2171 1092 2257 parisiensis
1115 2167 1359 2237 concitatoribus

171 2278 205 2342 et
228 2274 420 2360 praesertim
444 2276 562 2342 Guisio
585 2276 676 2355 duci,
700 2277 759 2361 qui
778 2277 883 2363 hujus
906 2277 1067 2345 facinoris
1091 2276 1253 2362 princeps
1274 2273 1360 2342 fuisse

170 2380 366 2468 putabatur.
384 2381 615 2462 Quamobrem
637 2380 788 2449 fabulam
814 2382 1086 2468 componendam
1106 2381 1270 2449 Marlovio
1290 2380 1360 2446 loca·

170 2488 289 2562 visset,
325 2490 358 2554 et
394 2489 578 2556 llarlovius
616 2489 781 2575 temporis
810 2489 982 2576 augustiis
1012 2490 1046 2554 et
1073 2488 1231 2573 pecuniae
1267 2481 1361 2571 inopia

170 2595 382 2679 compulsus,
400 2613 474 2661 rem
490 2593 693 2662 festinanter
706 2598 740 2661 et
754 2596 976 2683 indiligenter
996 2594 1204 2680 scripsisset.
1221 2595 1259 2661 ld
1277 2592 1364 2660 etiam

170 2700 364 2787 conjectura
381 2701 556 2788 probabile
575 2705 638 2782 est,
664 2703 882 2785 Marlovium,
903 2703 994 2770 inter
1008 2702 1135 2787 scripta
1149 2720 1213 2769 sua
1228 2719 1311 2786 opus
1324 2700 1365 2765 in·

109 2816 113 2826 '
170 2807 331 2875 choatum
346 2808 520 2885 habuisse,
542 2812 574 2876 et
592 2809 657 2876 hoc
672 2808 854 2896 perfecisse
878 2811 917 2878 ut
938 2827 1078 2895 operam
1098 2808 1267 2898 eflugeret
1281 2824 1368 2895 argu·

169 2914 279 2981 menti
293 2915 373 2981 novi
388 2919 577 3000 quaerendi.

213 3023 284 3089 Hac
303 3021 498 3108 conjectura
514 3025 650 3111 plenius
665 3045 802 3112 quoque
817 3027 904 3093 ratio
919 3025 1076 3094 redditur
1088 3043 1151 3092 cur
1166 3025 1264 3093 locus
1285 3037 1372 3090 nonae

168 3130 312 3199 decimae
334 3149 445 3198 scenae
467 3132 600 3199 calamo
623 3134 772 3220 scriptus
794 3136 827 3199 et
853 3153 872 3200 a
897 3135 1010 3220 Payno
1034 3133 1180 3200 Colliero
1204 3133 1372 3209 inventus,

168 3237 304 3325 longior
319 3238 364 3305 sit
378 3241 412 3305 et
426 3240 640 3306 emendatior
653 3259 759 3326 quam
774 3241 871 3308 locus
894 3240 953 3326 qui
981 3239 1017 3306 in
1040 3239 1156 3306 libello
1178 3240 1271 3326 typis
1285 3255 1374 3305 man·

169 3345 247 3411 dato
275 3345 306 3412 ei
334 3347 553 3431 respondet¹.
586 3349 724 3434 Paynus
753 3348 919 3415 Collierus
950 3349 1048 3433 putat
1076 3345 1244 3432 scriptum
1276 3342 1375 3412 libelli

168 3442 364 3537 exemplum
392 3451 500 3520 fuisse
527 3453 648 3520 multis
676 3454 831 3539 partibus
859 3453 1023 3520 deficiens
1047 3454 1080 3520 et
1104 3453 1311 3519 mendosum
1339 3449 1377 3517 ab

168 3557 290 3646 ignaro
318 3558 445 3639 scriba,
476 3559 561 3627 dum
590 3561 717 3628 scenici
746 3561 898 3628 fabulam
926 3562 1084 3648 agerent,
1115 3559 1169 3626 vel
1194 3557 1239 3625 ab
1263 3577 1332 3626 uno
1362 3574 1379 3623 e

167 3665 292 3732 theatri
309 3664 537 3733 familiaribus
553 3667 626 3735 sine
641 3686 722 3735 cura
743 3668 1003 3753 transcriptum.
1028 3666 1194 3733 Fabulam
1211 3667 1328 3732 autem
1352 3663 1379 3730 si

168 3772 352 3858 diligenter
365 3772 567 3858 inspexeris
586 3774 658 3841 haec
668 3775 782 3860 opinio
793 3775 855 3840 tibi
869 3792 938 3840 non
952 3773 1024 3840 veri
1041 3773 1190 3859 speciem
1202 3771 1378 3857 praebebit.

168 3879 209 3944 H.
236 3878 408 3945 Ulricius²
431 3899 504 3947 rem
527 3880 600 3967 jam
628 3883 771 3948 notavit.
792 3884 920 3950 Versus
940 3882 974 3947 in
994 3882 1106 3948 totum
1126 3879 1290 3946 aestimati
1310 3881 1380 3945 tam

167 3987 256 4052 recte
280 3985 404 4051 structi
417 3989 450 4052 et
464 3987 604 4072 perfecti
620 3989 782 4056 videntur
795 4007 900 4075 quam
916 4006 1037 4060 versus
1053 3986 1201 4053 aliarum
1224 3986 1379 4053 Marlovii

166 4091 374 4160 fabularum.
391 4095 465 4159 Non
481 4093 643 4161 intereos
659 4095 889 4181 reperiuntur,
903 4098 941 4161 ut
951 4095 987 4160 in
997 4093 1206 4180 quibusdam
1217 4092 1380 4159 dramati-

166 4198 243 4278 bus‚
270 4218 391 4266 versus
413 4219 481 4267 non
511 4202 673 4268 similiter
700 4204 928 4269 consonantes
953 4219 1048 4267 more
1072 4200 1193 4266 solutae
1215 4199 1379 4265 orationis

167 4323 186 4370 a
204 4305 415 4393 typographo
430 4307 609 4393 dispositi;
626 4308 720 4374 nulla
736 4308 919 4376 verborum
935 4308 1085 4373 mixtura
1105 4307 1257 4391 apparet,
1283 4306 1378 4370 nulla

167 4429 284 4478 rerum
304 4409 480 4492 confusio;
507 4414 710 4500 typographi
734 4414 851 4500 lapsus
874 4433 942 4481 non
965 4431 1111 4480 numero
1134 4410 1283 4497 majores
1298 4412 1379 4478 sunt

201 4594 209 4630 ¹
228 4593 285 4645 'l'he
299 4593 406 4660 llistory
415 4596 562 4661 ofEnglish
575 4596 710 4648 dramatic
722 4601 826 4663 poetry‚
840 4598 881 4649 ed.
893 4597 963 4658 1879,
978 4597 1030 4648 vol.
1043 4597 1073 4655 ΙΙ,
1089 4611 1115 4660 p.
1128 4595 1242 4646 sto-⁵¹2.

198 4677 210 4710 ²
226 4673 368 4725 Jahrbuch
391 4676 440 4726 der
461 4676 611 4727 deutschen
624 4676 809 4742 Shakespeare
822 4677 1009 4737 Gesellschaft,
1021 4676 1040 4726 Ι1
1054 4675 1148 4738 Jahrg.
1159 4701 1188 4712 -
1201 4672 1376 4738 christophor

166 4753 291 4813 Marlowe
307 4754 362 4808 und
372 4753 578 4825 Shakespeare's
590 4756 762 4811 Verbaltniss
774 4771 806 4809 zu
819 4756 886 4820 ihm,
901 4769 954 4808 von
969 4756 998 4808 ll.
1011 4754 1106 4818 Ulrici,
1121 4769 1147 4820 p.
1163 4752 1202 4804 66.
