3120 5474
768 436 930 501 ..34-

243 628 284 679 eo
307 612 360 677 uei
383 617 465 678 aunt
483 612 668 696 scriptores
685 629 795 696 quurn
813 628 916 695 opera
936 627 997 675 sua
1021 606 1257 694 excogitarent
1278 610 1314 674 et
1330 606 1432 674 torma·

242 723 331 797 rent,
355 724 507 785 attamen
532 719 641 785 riiulto
664 719 803 805 longius
821 717 930 783 valuit
952 716 1043 801 apud
1060 735 1120 783 eos
1141 733 1253 801 quum
1267 715 1433 781 sententiaa
1559 788 1560 797 ἶ

241 828 275 889 et
297 824 398 891 verba
422 826 602 911 eligerent.
630 826 814 910 Reperitur
829 826 948 899 eliam,
973 823 1064 909 apud
1087 822 1223 889 tabulas
1246 821 1433 906 scriptorum

240 930 300 1016 qm
318 950 527 1018 magnopore
548 932 789 998 lalsorarerunt
810 932 854 997 ad
878 931 977 997 illum
994 930 1225 1005 evellendum,
1241 932 1277 994 et
1295 926 1434 1012 quamvis
1559 968 1560 993 i

242 1037 314 1105 haeo
329 1038 420 1105 inter
443 1058 480 1105 ae
499 1043 666 1125 pugnent,
686 1039 811 1106 horum
827 1038 1054 1125 repugnantia
1068 1055 1149 1105 curn
1165 1037 1318 1103 humana
1333 1038 1436 1101 natura

241 1145 355 1232 magis
369 1145 530 1233 ccingruit
543 1164 649 1230 quam
669 1149 708 1211 ut
722 1146 881 1211 miranda
897 1146 955 1211 sit.
971 1145 998 1209 E
1014 1143 1141 1211 tabulis
1154 1144 1243 1211 actis
1256 1161 1318 1228 per
1330 1139 1439 1229 viginti

240 1258 433 1337 postremos
462 1270 571 1319 annos
598 1252 685 1319 serti
718 1252 845 1319 decimi
874 1253 912 1317 P.
941 1253 978 1319 C.
1008 1253 1049 1318 N.
1081 1251 1201 1319 naeculi
1229 1249 1440 1335 paucissimas

241 1357 397 1427 invenies
423 1360 508 1425 vitio
537 1360 596 1425 illo
622 1377 691 1425 non
720 1360 933 1444 inquinatas.
962 1359 1062 1445 Apud
1091 1357 1278 1425 nonnullas
1307 1353 1442 1442 reperies

241 1465 345 1533 etiarn
361 1484 482 1535 scenas
496 1467 532 1533 in
548 1472 657 1534 totum
679 1486 718 1533 ea
741 1467 878 1534 dicendi
896 1466 1007 1533 torma
1029 1466 1190 1552 pollutas.
1210 1465 1298 1542 lmo,
1314 1461 1442 1548 quidam
1559 1500 1560 1504 =

239 1589 259 1639 e
281 1573 509 1659 scriptoribus
523 1574 583 1658 qui
601 1574 818 1659 Euphuismo
832 1574 969 1642 adversi
993 1572 1145 1649 suerunt,
1166 1567 1441 1646 Peeluaeth'ash,
1558 1607 1560 1640 i

240 1680 335 1747 verbi
351 1682 476 1767 gratia,
492 1686 678 1767 antequam
694 1686 866 1749 tentarent
881 1681 965 1767 quid
981 1681 1017 1747 in
1033 1680 1190 1748 dramate
1203 1697 1294 1747 noro
1304 1680 1443 1765 possent,

241 1789 429 1855 comoedias
445 1789 488 1855 ad
512 1788 589 1855 Lilii
615 1806 775 1856 normam
800 1792 1079 1874 composuerunt.
1098 1787 1187 1855 Huic
1207 1786 1294 1855 uitio
1309 1785 1446 1853 Shakes-

241 1912 367 1980 pearus
383 1895 456 1980 ipae
472 1894 506 1960 iu
518 1894 700 1979 juventute
714 1916 776 1963 sua
792 1897 905 1982 ample
921 1896 1077 1962 indulsit.

284 2001 419 2069 Novum
442 2005 558 2068 autom
577 2004 696 2069 drama
723 2003 812 2070 inlra
837 2003 1083 2070 brevissimum
1105 2004 1244 2088 tempus
1267 2001 1451 2069 hooalieno

240 2108 424 2175 liberatum
453 2107 517 2175 tuit
539 2127 655 2187 onere,
680 2129 749 2195 quo
775 2116 939 2178 raetorum
963 2127 1142 2195 nunquam
1165 2112 1292 2196 praeter
1316 2108 1453 2176 modum

240 2219 422 2302 gravatum
454 2214 576 2281 luerat.
602 2216 674 2296 Quo
701 2215 886 2300 perfectius
910 2215 1024 2291 hehal,
1050 2233 1090 2281 eo
1113 2215 1228 2301 magis
1252 2215 1320 2282 hae
1344 2214 1454 2282 inutili

241 2320 375 2387 sarcina
397 2321 586 2389 levabatur.
612 2322 739 2388 lisdem
764 2323 989 2408 temporibun
1015 2325 1140 2407 praeter
1165 2322 1252 2403 haec,
1267 2323 1361 2389 mira
1380 2340 1455 2389 oum

240 2427 413 2494 celeritate
430 2427 589 2506 adolevit,
607 2432 641 2495 et
664 2429 701 2494 in
725 2448 800 2495 eam
821 2434 973 2496 ereetum
991 2428 1057 2497 luit
1075 2428 1299 2495 altitudinem
1328 2447 1372 2496 ex
1393 2448 1458 2515 qua

241 2554 259 2601 a
284 2534 518 2619 Sliahespoaro
540 2536 583 2602 ad
610 2555 788 2603 summum
813 2536 1018 2621 perductum
1043 2535 1120 2602 luit.
1145 2536 1233 2602 Tum
1257 2535 1457 2613 intervenit,

241 2645 279 2710 ut
298 2643 344 2710 ita
367 2642 493 2722 dicam,
525 2643 705 2729 splendida
727 2642 867 2711 dillusio
882 2636 1093 2710 ¹fabularum
1119 2661 1197 2727 quae
1220 2641 1369 2726 quidem
1392 2658 1460 2710 non

241 2747 406 2838 allisolntaa
421 2753 513 2828 sunl,
529 2750 714 2816 -etenim
730 2768 811 2816 oum
825 2750 1043 2835 properantia
1057 2753 1091 2816 et
1108 2749 1331 2817 vehementia
1351 2750 1461 2816 nimia

240 2860 507 2940 componuntur,
538 2861 597 2923 aut
625 2861 743 2924 contra
762 2858 855 2944 leges
884 2856 1057 2922 scribendi
1077 2855 1162 2922 artis
1186 2858 1220 2921 et
1248 2854 1460 2941 discipline,

240 2961 344 3029 oliam
361 2963 647 3048 pertremendum,
673 3001 717 3013 -
740 2964 961 3031 elaborantur
979 2969 1095 3030 autem
1120 2981 1139 3028 a
1158 2962 1244 3028 viris
1267 2962 1306 3028 in
1332 2963 1460 3030 litteris

240 3069 453 3149 vuleritihus,
494 3088 742 3154 nonnunquam
781 3071 886 3136 etiam
920 3088 1057 3136 summo
1094 3069 1235 3155 iugenio
1277 3070 1455 3154 praeditiS.

240 3176 362 3243 l'uolua
384 3178 441 3244 dat
469 3177 539 3245 The
555 3179 678 3245 llottle
700 3177 743 3263 of
752 3179 924 3256 Alooaar,
945 3178 1015 3245 The
1029 3181 1190 3245 Fomous
1206 3176 1410 3245 ceromate
1425 3177 1467 3264 os

240 3285 339 3370 Kthp
364 3285 545 3352 Edouurd
570 3285 628 3351 the
647 3286 762 3361 Fiant,
792 3288 825 3350 et
850 3284 920 3351 The
936 3287 1030 3352 Love
1054 3283 1097 3370 os
1110 3286 1210 3369 Kiop
1234 3285 1366 3351 Dauid
1384 3286 1462 3353 aad

238 3390 319 3475 fuir
333 3390 532 3469 hethaeum
548 3394 713 3471 (troanno,
731 3391 790 3458 the
805 3393 956 3476 Ilistory
966 3390 1179 3476 ofOrlondo
1193 3392 1370 3471 Furinae,
1390 3392 1461 3461 The

240 3497 472 3563 Ilououralilo
507 3500 657 3583 lltstorp
691 3498 734 3584 of
756 3498 858 3584 trior
886 3501 1010 3577 Boeoto
1037 3498 1114 3564 aad
1145 3497 1247 3583 fatur
1275 3500 1458 3586 Burtpoiy,

239 3603 557 3690 Soolttrhlllstorp
569 3604 739 3690 oflctmes
751 3605 809 3671 the
823 3607 927 3672 Four
939 3605 1039 3672 slata
1051 3608 1091 3672 ot
1104 3605 1298 3682 Floddeo;
1317 3605 1460 3693 Georpe
1554 3642 1559 3649 ·

239 3710 429 3790 uttreouo,
448 3710 507 3777 tho
525 3713 667 3779 Ptuher
681 3711 724 3797 of
745 3711 958 3796 Woltefteld,
981 3712 1051 3779 The
1072 3711 1227 3778 comtool
1246 3711 1406 3798 History
1422 3712 1466 3799 os

238 3816 457 3902 Alplaiusos,
479 3819 579 3905 Kiop
603 3818 645 3904 of
661 3821 829 3905 Aro90a3
855 3819 1002 3884 Thomas
1023 3819 1155 3902 Kydna,
1173 3817 1461 3903 Hieronymoet

240 3923 310 3991 'llio
327 3924 489 4009 statuuat
511 3925 689 4011 Tropodp,
712 3944 789 4009 quau
811 3925 926 3991 sabula
951 3930 1022 3990 tam
1042 3924 1221 4009 plauditur
1244 3942 1355 4008 quam
1381 3944 1461 4011 quae

237 4030 399 4108 inoxium,
431 4031 581 4097 'l'hoiuas
606 4031 768 4119 liodgiun
803 4033 946 4100 Μανίας
970 4035 1005 4097 et
1019 4031 1148 4116 Sylla;
1173 4030 1325 4096 Thomas
1349 4032 1458 4112 Nash,

237 4138 344 4213 Ilhtu,
361 4138 481 4220 (irretit
496 4137 539 4223 of
554 4138 750 4225 Ourtliupe.
778 4139 920 4204 lllorum
943 4137 1103 4222 proximi,
1121 4140 1221 4202 tanta
1240 4139 1363 4203 autem
1385 4143 1460 4206 arte

236 4263 303 4312 hou
319 4245 534 4321 excellentia,
553 4245 721 4312 lleurious
737 4245 911 4311 Chottolus
929 4244 1058 4331 (Henry
1077 4241 1237 4329 Chettle),
1253 4243 1460 4313 Anthonius

236 4352 417 4419 llumluiuu
459 4351 633 4438 t.·tulliuuy
670 4351 844 4438 hluudap'),
880 4351 1049 4418 llobertus
1082 4349 1277 4417 Witsonius
1306 4349 1460 4438 (Roherl

236 4458 388 4545 ll'iteun)
436 4477 574 4525 seruam
620 4477 757 4544 utroquo
807 4461 936 4524 tolient.
981 4458 1105 4525 Multas
1153 4457 1277 4523 docent
1316 4456 1459 4526 fabulas

234 4584 383 4653 uariarum
412 4567 561 4634 seeundo
591 4564 738 4643 fortuna,
764 4566 924 4650 quumvis
944 4564 1103 4652 fugitiva,
1121 4563 1274 4632 favorem
1289 4581 1458 4634 nonnun-

234 4693 338 4763 quum
360 4676 478 4761 portant
502 4673 698 4742 diuruatuiu
719 4672 762 4741 uli
786 4671 923 4740 aeiiiulis
942 4670 1186 4747 callidioribus,
1205 4669 1260 4738 rel
1282 4676 1457 4756 praestan·
