3120 5474
111 107 224 190 Quum
250 105 348 174 aulea
373 104 574 185 mittuntur,
595 107 667 174 Rex
691 107 866 188 Persicus
892 110 1053 197 llycetes‚
1081 110 1139 196 qui
1165 109 1276 179 hebeti

58 212 205 303 ingenio
221 217 254 281 et
270 213 452 299 imperitus
467 219 529 294 est,
547 215 732 281 concilium
751 235 830 283 cum
854 216 959 284 fratre
978 237 1040 285 suo
1060 220 1227 297 Cosroete,
1245 223 1278 286 ct

59 341 142 391 cum
158 321 249 388 aulae
259 321 483 407 optimatibus
497 320 627 389 confert
641 322 683 388 de
698 324 800 390 rebus
814 344 891 409 quae
901 326 1140 410 comparandae
1150 330 1231 393 sunt
1242 328 1279 393 ut

60 429 197 496 fortiter
212 430 426 514 repugnetur
443 429 677 507 TamerlanuS,
699 430 758 514 qui
782 435 865 498 tunc
884 432 954 499 dux
973 436 1026 498 est
1045 433 1277 518 praedatorum

64 534 255 602 latrociniis
275 538 452 602 suetorum
467 540 500 602 et
515 539 686 603 extremos
702 536 840 604 infestat
855 539 982 606 Persiae
997 539 1096 606 fines.
1116 541 1278 608 Statuunt

68 643 197 727 equites
213 643 250 707 in
266 642 415 709 latrones
435 642 634 732 immittere.
662 646 751 710 Dum
775 648 891 712 autem
917 647 959 713 de
982 646 1120 735 negotio
1142 648 1276 732 discep-

67 752 148 829 tant,
166 750 342 816 contentio
356 751 476 829 oritur,
495 753 528 817 et
542 753 700 837 lllycetes,
716 752 901 820 verborum
914 754 1134 821 contumeliis
1149 755 1279 821 lacerat

66 858 206 925 fratrem
231 874 336 924 suum
360 858 532 937 Cosroem
552 857 735 943 prudentia
759 858 858 945 cujus
881 865 1074 946 superatur,
1101 863 1275 947 siquem,

64 961 223 1048 potentiae
245 961 524 1046 cupidissimum,
543 960 718 1040 formidat,
736 962 835 1047 eique
850 964 1016 1032 minatur.
1042 968 1155 1048 Quum
1181 970 1275 1036 clan-

64 1069 197 1136 destina
212 1068 357 1135 consilia
371 1088 448 1154 quae
463 1069 498 1134 in
514 1069 646 1136 occulto
656 1069 808 1136 tenuisse
819 1071 972 1155 putabat,
988 1091 1007 1138 a
1023 1076 1150 1160 llycete
1161 1076 1278 1160 depre-

63 1177 169 1244 hensa
194 1176 300 1253 videt,
325 1176 465 1243 Cosroes
489 1175 693 1243 seditionem
718 1176 886 1256 concitat3
913 1197 973 1245 rex
996 1181 1233 1249 consalutatur
1256 1201 1276 1248 a

62 1283 256 1351 fautoribus
272 1282 358 1361 suis,
375 1285 408 1348 et
422 1281 565 1348 enititur
581 1285 618 1348 ut
635 1299 742 1368 regno
756 1280 1159 1372 fratremsuumspoliet.
1174 1288 1275 1356 Initio

62 1410 173 1459 scenae
198 1390 374 1468 secundae,
400 1389 452 1455 vel
477 1388 590 1474 potius
615 1389 799 1472 spectaculi
824 1391 982 1470 secundi,
1009 1393 1158 1482 singulis
1182 1396 1277 1462 enim

61 1499 191 1577 scenis,
223 1497 260 1563 in
284 1497 438 1563 dramate
462 1513 567 1574 novo,
593 1494 737 1580 picturae
760 1497 905 1564 scenicae
927 1516 1025 1566 novae
1052 1502 1274 1586 respondent,
1322 1498 1324 1503 ’

60 1623 218 1693 personae
238 1604 320 1689 ipsae
345 1621 434 1688 saepe
456 1604 646 1679 mutantur,
672 1638 716 1650 —
739 1603 963 1671 Tamerlanus
986 1606 1023 1672 in
1047 1608 1277 1691 spectantium
1336 1621 1338 1625 ‘

60 1714 286 1798 conspectum
310 1709 415 1777 venit.
437 1711 538 1776 Manu
558 1709 740 1794 pulchram
760 1709 855 1776 ducit
873 1712 1105 1792 Zenocratem‚
1122 1715 1277 1801 AEgyptii

61 1818 284 1906 imperatoris
299 1816 358 1902 qui
374 1817 542 1884 Soldanus
553 1811 733 1903 (Soudeta)
748 1815 876 1882 dicitur
889 1816 1009 1898 filiam,
1025 1838 1130 1904 quam
1146 1839 1276 1907 praepo-

62 1927 120 1993 siti
142 1927 197 1992 sui
217 1923 517 2010 deprehenderunt
540 1922 641 2002 dum,
662 1922 798 1988 modico
821 1923 983 2006 praesidio
1003 1926 1212 2007 comitatata,
1236 1946 1277 1994 ex

60 2033 174 2101 Media
193 2030 237 2098 ad
257 2030 443 2115 Memphim
460 2029 598 2096 rediret.
616 2029 811 2096 Connititur
825 2032 863 2096 ut
878 2048 953 2096 eam
967 2032 1009 2098 de
1025 2036 1120 2099 metu
1136 2034 1274 2111 relevet,

61 2143 96 2206 et
115 2139 214 2227 regia
232 2137 343 2224 virgo,
364 2154 552 2223 quaecum,
575 2135 767 2203 humilibus
786 2136 986 2220 parentibus
1006 2141 1139 2219 natum,
1165 2139 1277 2225 primo

44 2247 255 2331 despectat,
282 2246 316 2309 et
340 2245 511 2327 pastorem
538 2240 709 2318 nominat,
737 2239 933 2307 urbanitate
960 2260 1023 2310 sua
1049 2245 1170 2324 lenita,
1196 2263 1280 2312 eum

62 2355 189 2423 deinde
204 2353 395 2439 principem
409 2352 518 2418 vocat.

186 2508 199 2568 1
215 2525 266 2567 am
283 2524 302 2566 a
317 2503 396 2580 lord,
412 2502 461 2565 for
476 2521 512 2565 so
527 2522 581 2582 my
596 2500 690 2563 deeds
706 2501 787 2562 shall
802 2518 899 2582 prove
916 2522 923 2562 :

184 2604 257 2667 And
272 2611 323 2684 yet
337 2623 356 2664 a
371 2600 528 2683 shcpherd
542 2600 583 2680 by
598 2621 650 2680 my
665 2608 840 2681 parentage'
850 2597 873 2679 ¹,

108 2769 227 2855 lnquit
245 2769 314 2835 alto
331 2767 429 2835 vultu
444 2766 679 2833 Tamerlanus.
697 2763 814 2851 Regiae
833 2762 961 2851 virgini
978 2763 1128 2850 postulat
1143 2765 1181 2831 ut
1195 2781 1277 2831 cum

60 2883 139 2968 ipso
154 2876 377 2946 matrimonio
397 2894 433 2942 se
452 2873 578 2962 jungat
597 2878 630 2940 et
648 2872 819 2960 particeps
838 2871 884 2937 sit
902 2869 1048 2938 fortunae
1070 2888 1153 2937 suae.
1169 2871 1275 2936 Zeno-

58 2991 157 3058 crate
171 2986 214 3055 ad
224 2984 369 3071 quaesita
379 3000 448 3049 non
463 2982 687 3066 respondente
702 2982 736 3045 ct
751 2996 876 3044 aurum
889 2977 981 3063 quod
992 2994 1109 3044 secum
1120 2976 1277 3062 portabat

59 3115 125 3183 pro
144 3112 206 3160 sua
223 3091 387 3158 missione
403 3089 578 3167 offerente,
593 3087 818 3155 Tamerlanus
832 3102 1013 3152 assumens
1027 3085 1064 3150 in
1079 3083 1276 3169 exemplum

58 3207 187 3273 heroes
207 3217 355 3285 quorum
379 3196 627 3265 commenticiae
646 3194 771 3261 fabulae
789 3194 885 3280 gesta
907 3191 1061 3272 narrant,
1079 3189 1273 3257 exclamat:

145 3357 296 3420 Disdains
311 3357 484 3418 Zenocrate
498 3360 530 3414 to
545 3353 606 3414 live
621 3352 699 3414 with
714 3352 788 3412 mel

147 3457 194 3518 Or
207 3474 281 3536 you,
299 3475 353 3535 my
368 3451 465 3530 lords,
482 3459 514 3514 to
527 3451 565 3513 be
580 3471 634 3531 my
649 3449 833 3512 followerst

147 3555 253 3616 Think
267 3573 330 3635 you
346 3556 359 3614 l
374 3554 477 3631 weigh
491 3553 555 3615 this
569 3563 712 3614 treasure
728 3568 817 3611 more
831 3549 907 3610 than
922 3546 1007 3627 you?

147 3654 212 3715 Not
225 3655 266 3715 all
279 3653 331 3714 the
346 3652 420 3734 gold
433 3652 467 3713 in
483 3651 601 3713 lndia's
616 3650 754 3728 wealthy
769 3666 856 3709 arms

150 3752 237 3814 Shall
251 3751 314 3832 buy
329 3753 381 3814 the
397 3758 541 3814 meenest
555 3749 673 3813 soldier
686 3749 720 3810 in
735 3769 789 3828 my
803 3745 887 3808 train
898 3741 921 3805 ².

111 3920 211 3986 Tunc
230 3919 480 4004 praenuntiatur
500 3916 723 3983 Tamerlanus
747 3915 790 3983 de
812 3912 962 3981 adventu
986 3907 1082 3975 mille
1105 3905 1274 3992 equitum.

60 4027 97 4096 A
126 4026 262 4094 Persico
287 4043 368 4112 rege
391 4025 629 4091 immittuntur
652 4024 689 4089 in
713 4041 792 4090 eum
815 4022 874 4108 qui
897 4019 1009 4086 solum
1034 4035 1053 4083 a
1076 4011 1277 4123 quingentis

96 4231 106 4267 ¹
123 4227 171 4279 Ed.
184 4225 287 4290 bullen,
301 4226 355 4279 vol.
370 4226 389 4289 1,
401 4240 429 4292 p.
443 4225 485 4278 18.
502 4252 533 4263 -
543 4225 601 4277 Act.
613 4224 633 4286 l,
646 4223 689 4276 Sc.
706 4224 737 4275 ΙΙ.

95 4307 109 4344 ²
123 4308 172 4361 Ed.
186 4306 289 4371 Bullcn,
301 4308 358 4362 vol.
376 4306 395 4370 1,
406 4320 450 4373 pp.
465 4305 546 4359 rem.
557 4331 588 4346 -
602 4304 661 4373 Act.
675 4305 695 4370 1,
710 4303 753 4356 Sc.
768 4303 799 4360 11.
