3120 5474
701 445 877 506 -180-

184 719 325 799 lexerat,
341 723 380 786 ut
393 719 525 804 opinor,
542 739 590 798 se,
612 721 703 785 viam
725 721 908 804 pristinam
929 721 1116 804 sequendo,
1137 723 1179 787 ad
1200 722 1282 787 fines
1299 738 1365 804 quos

184 826 346 893 excedere
367 826 531 911 nequibat
553 827 761 911 pervenisse.
787 827 998 911 Quapropter
1020 845 1089 893 non
1114 828 1143 892 ei
1170 846 1300 894 necesse
1319 826 1369 892 fuit

183 933 374 1000 maximam
392 931 516 999 fabulae
530 936 662 1016 partem
682 932 882 999 ardentibus
903 933 1010 998 animi
1031 933 1254 999 effusionibus
1269 933 1370 1016 imple-

182 1043 246 1105 ret.
263 1039 323 1105 Vis
341 1042 457 1104 tamen
471 1055 588 1104 rerum
603 1041 718 1103 mente
733 1036 975 1123 fingendarum
992 1056 1058 1103 non
1075 1039 1106 1103 ei
1128 1038 1233 1116 deest,
1257 1039 1374 1124 parcior

182 1148 298 1212 autem
313 1152 365 1211 est
379 1148 412 1210 et
426 1144 539 1231 magis
555 1162 722 1228 repressa.
740 1144 895 1227 Insuper,
914 1162 981 1209 non
999 1144 1042 1210 ab
1054 1163 1093 1210 ea
1104 1151 1226 1212 cuncta
1236 1164 1375 1229 sperans

181 1251 366 1319 Marlovius
380 1270 399 1318 e
413 1251 567 1317 moribus
581 1255 615 1316 et
629 1270 669 1316 ex
689 1250 822 1315 intimis
838 1251 945 1316 animi
962 1251 1187 1318 effusionibus
1204 1271 1258 1317 res
1273 1253 1315 1318 ad
1329 1271 1378 1317 au-

181 1358 346 1426 diendum
357 1358 529 1444 jucundas
543 1357 714 1443 quaesivit,
733 1358 823 1441 quod
841 1358 1000 1442 superius
1014 1359 1071 1424 vix
1091 1362 1291 1426 tentaverat.
1308 1360 1380 1425 Sen-

180 1468 272 1533 serat
299 1465 508 1533 intuentium
538 1465 673 1531 animos
701 1465 872 1531 diversius
901 1469 933 1530 et
956 1467 1149 1549 praesertim
1173 1467 1282 1532 multo
1306 1467 1383 1533 vali-

179 1573 259 1640 dius
281 1573 473 1659 permoveri
495 1572 681 1638 libidinum
706 1571 858 1637 motibus
883 1574 996 1637 mente
1016 1572 1129 1639 ductis
1143 1573 1197 1639 vel
1212 1571 1385 1638 refrenatis

179 1697 285 1765 quam
308 1679 433 1746 iisdem
457 1679 608 1745 motibus
637 1696 744 1761 quum
779 1678 964 1745 indomitas
988 1679 1188 1762 exprimunt
1211 1680 1386 1763 cupidines

178 1785 360 1852 hominum
383 1786 443 1871 qui
467 1804 504 1851 se
527 1784 679 1869 corporis
702 1784 935 1868 voluptatibus
959 1785 1177 1852 dediderunt.
1208 1786 1387 1851 Constabat

178 1891 269 1959 inter
290 1910 410 1959 omnes
429 1891 632 1959 Marlovium
661 1909 699 1956 ea
719 1908 805 1957 nova
830 1889 955 1956 fabulae
973 1891 1166 1977 cogitandae
1185 1892 1328 1971 ratione,
1355 1893 1389 1958 in

178 2016 295 2065 rerum
311 1997 527 2064 scenicarum
544 1995 809 2080 intelligentiam
825 2014 1049 2082 progressum
1065 2016 1154 2076 esse,
1166 2000 1199 2064 et
1210 1999 1388 2086 ingenium

178 2123 281 2172 suum
296 2108 330 2171 et
344 2103 468 2189 pulpiti
484 2106 518 2168 et
531 2102 612 2168 vitae
626 2121 691 2167 usu
708 2106 883 2167 maturum
898 2100 1027 2168 factum
1043 2101 1163 2169 fuisse.
1181 2105 1241 2170 His
1256 2104 1389 2172 artibus

177 2213 211 2278 et
233 2210 373 2297 ingenio
388 2208 674 2294 praestantissimo
690 2207 904 2293 juvantibus,
926 2209 969 2274 ad
993 2227 1172 2276 summum
1191 2211 1329 2278 culmen
1355 2231 1391 2278 se

178 2317 311 2405 erigere
325 2320 359 2383 et
376 2316 530 2382 absoluta
547 2333 647 2399 opera
664 2314 826 2400 perficere
841 2318 984 2399 poterat.

222 2422 360 2490 Fabulae
381 2441 458 2506 quae
481 2422 665 2488 Eduardus
688 2421 859 2487 secundus
882 2421 1095 2509 inscribitur,
1121 2424 1265 2490 meliora
1285 2444 1327 2490 ex
1352 2445 1392 2493 ea

176 2529 284 2609 fonte,
315 2528 429 2614 pejora
458 2546 498 2593 ex
526 2528 605 2593 aliis
628 2528 836 2594 ceciderunt.
862 2529 975 2608 Quum
998 2533 1115 2594 autem
1138 2531 1285 2615 scriptor
1309 2551 1392 2600 suas

178 2635 350 2703 scribendi
374 2633 523 2700 rationes
549 2635 612 2700 hoc
632 2635 733 2700 modo
757 2634 916 2712 deflectit,
938 2653 1012 2700 rem
1036 2636 1189 2720 primum
1211 2641 1390 2720 tentanda,

176 2761 234 2810 eas
248 2760 317 2809 non
332 2742 369 2808 in
389 2745 498 2808 totum
513 2743 636 2807 mutat.
653 2741 755 2806 Initio
775 2740 933 2806 indubio
957 2745 1009 2808 est
1032 2748 1065 2809 et
1088 2743 1236 2816 haesitat.
1261 2746 1392 2812 timens

174 2865 219 2916 ne
248 2854 339 2915 erret
367 2848 597 2933 inexploratus
624 2847 849 2945 ingrediendo
873 2847 1025 2913 semitas
1052 2850 1133 2914 Post
1156 2850 1241 2928 baec,
1268 2870 1393 2918 omnes

174 2960 306 3023 veteres
320 2957 410 3022 artes
425 2957 563 3040 repente
578 2955 735 3021 deserere
750 2971 817 3019 non
837 2957 958 3038 potest,
980 2957 1015 3020 *et
1036 2956 1157 3021 multis
1181 2956 1218 3022 in
1243 2957 1331 3024 locis
1355 2959 1393 3025 in

173 3064 305 3149 primas
333 3061 479 3129 revolvit
506 3060 783 3127 consuetudines.
814 3061 927 3140 Quum
960 3061 1162 3128 Eduardum
1195 3066 1393 3132 secundum

174 3170 325 3256 scripsit,
345 3167 530 3236 Marlovius
552 3167 815 3251 necessitatibus
836 3168 905 3232 illis
924 3167 1049 3251 paruit.
1074 3169 1260 3236 Interiores
1280 3172 1392 3238 animi

173 3276 316 3343 affectus
331 3275 590 3352 considerando,
607 3278 720 3358 partes
735 3292 853 3340 eorum
874 3292 941 3339 non
959 3277 1029 3340 tam
1050 3276 1224 3343 subtiliter
1248 3278 1393 3364 dispicit

174 3402 278 3468 quam
293 3402 432 3451 necesse
447 3384 548 3450 esset.
567 3383 699 3448 Senties
719 3400 796 3449 eum
816 3383 852 3448 in
867 3382 940 3449 loca
956 3402 1042 3450 nova
1057 3387 1250 3468 penetrare.
1268 3386 1391 3452 Homi-

174 3490 230 3557 nis
249 3494 364 3576 partes
383 3494 561 3557 extraneas
580 3508 771 3575 corpusque
794 3490 958 3555 attentius
980 3493 1110 3575 spectat
1132 3509 1239 3575 quam
1264 3511 1391 3560 sensus

173 3597 282 3663 animi
310 3598 447 3682 penitus
474 3597 678 3663 reconditos.
708 3597 775 3662 Res
799 3615 840 3661 ex
870 3597 1054 3680 hac'parte
1082 3599 1292 3681 comparatae
1317 3618 1390 3667 non

172 3705 285 3771 adhuc
299 3706 524 3787 compensant
537 3704 681 3769 virtutes
697 3722 782 3787 quas
797 3703 980 3768 Marlovius
1000 3703 1192 3770 necessario
1214 3706 1387 3788 perdidit,

173 3809 405 3880 contrahendo
419 3811 672 3894 premendoque
694 3810 818 3894 lyricas
838 3812 871 3873 et
889 3809 1096 3875 dramaticus
1116 3807 1241 3875 fabulae
1256 3814 1387 3895 partes.

215 3918 320 3986 Multo
352 3916 493 4003 gravius
522 3916 695 3982 minutum
728 3914 792 3981 fuit
825 3915 991 3981 dramatis
1022 3917 1156 4000 pondus
1184 3919 1389 4003 argumenti

171 4024 311 4091 selectu.
329 4021 492 4103 Quamvis
512 4022 662 4088 Eduardi
683 4021 824 4088 secundi
842 4039 987 4106 persona
1006 4024 1133 4087 attente
1152 4029 1335 4107 perspecta
1354 4028 1389 4093 et

170 4128 280 4195 oculis
295 4125 449 4213 subjecta
464 4128 520 4206 sit,
537 4127 752 4193 intuentibus
768 4127 924 4192 minimae
938 4144 1030 4192 curae
1047 4129 1099 4191 est
1113 4126 1178 4192 iste
1198 4146 1270 4208 ren,
1292 4128 1387 4196 indi-

170 4253 238 4323 gna
253 4233 434 4322 progenies
449 4234 598 4300 Eduardi
615 4234 757 4299 maximi
774 4237 805 4300 et
820 4234 970 4320 degener
984 4233 1077 4300 filius
1091 4231 1251 4300 formosae
1262 4235 1388 4321 Hispa-

168 4341 300 4408 niensis
315 4341 503 4417 Eleonorae,
520 4355 628 4425 regno
644 4339 737 4404 enim
752 4340 890 4423 vitaque
907 4339 1073 4423 spoliatur
1087 4337 1178 4422 quod
1193 4339 1225 4404 ei
1240 4340 1385 4407 animus

167 4450 305 4515 esttam
324 4447 440 4515 mollis
464 4448 498 4512 et
519 4445 702 4511 imbecillis
727 4451 765 4512 ut
788 4445 961 4513 invalidus
985 4445 1029 4511 sit
1053 4445 1095 4511 ad
1124 4445 1384 4513 excludendum

167 4555 245 4622 aula
261 4573 323 4621 sua
342 4553 514 4640 abjectum
532 4551 739 4619 familiarem
762 4571 829 4638 quo
848 4552 1063 4636 depravatur.
1081 4552 1125 4617 Ut
1140 4551 1249 4633 animi
1264 4551 1381 4621 affice-

166 4664 288 4727 rentur
302 4663 336 4726 et
349 4661 523 4727 intuentes
538 4658 691 4725 faverent
714 4659 875 4725 Eduardo
899 4659 1047 4725 secundo
1063 4676 1143 4725 cum
1167 4659 1382 4728 Britannicis

166 4765 389 4855 optimatibus
405 4765 556 4854 (barons)
575 4769 608 4832 et
623 4766 665 4832 ad
680 4770 872 4834 extremum
888 4785 968 4833 cum
984 4765 1057 4832 suis
1067 4766 1225 4850 certanti,
1238 4785 1380 4835 necesse
1404 4840 1408 4848 ,
