3120 5474
697 283 882 366 --ele2-v
973 281 991 361 J
1028 262 1031 271 ’

175 488 284 557 quam
305 468 434 540 Lucani
453 487 586 549 versus,
612 470 646 538 et
667 468 767 557 signa
791 469 1015 540 describendo
1033 460 1110 559 quae
1129 474 1248 542 Romae
1266 476 1385 543 'notata

173 578 319 646 fuerunt
338 581 519 664 postquam
541 578 653 646 Caesar
670 576 823 665 legiones
842 596 922 644 suas
941 582 1036 660 trans
1054 580 1265 649 Rubiconem
1284 581 1384 668 traie-

173 685 275 766 cerit,
297 682 517 753 Britannicus
535 686 634 770 poeta
653 685 829 752 Lucanum
851 684 1033 753 manifesto
1052 690 1201 773 superat.
1222 688 1385 771 Quamvis

173 793 295 860 autem
316 790 359 859 ad
384 789 524 857 titulum
548 787 761 874 adscriptum
780 788 850 856 sit:
873 789 1080 859 translated
1100 793 1193 860 Lice
1212 791 1274 879 sor
1296 794 1383 874 tice,

172 897 363 967 Marlovius
379 894 578 982 imperfecte
586 895 700 962 verbis
716 894 920 964 britannicis
934 897 1086 965 reddidit
1097 899 1202 967 verba
1216 900 1384 968 contrarie

172 1006 283 1073 relata
310 1000 560 1093 (Antitheses),
585 1004 620 1069 et
638 1005 780 1090 argutas
803 1021 1008 1089 pressasque
1031 1007 1159 1073 Lucani
1183 1008 1382 1075 sententias.

171 1112 304 1200 Dyeius
319 1115 418 1198 putat
439 1109 642 1178 Marlovium
658 1110 832 1208 hocopus,
849 1114 888 1178 ut
902 1111 1013 1180 Ovidii
1038 1113 1178 1200 elegias,
1206 1114 1385 1199 scripsisse

170 1221 261 1289 dum
285 1216 626 1306 cantabrigiensibus
652 1217 798 1284 Athenis
824 1216 949 1286 litteris
979 1218 1143 1287 studeret.
1171 1219 1385 1289 Sententiam

170 1345 276 1396 suam
292 1325 423 1414 colligit
442 1343 483 1392 ex
506 1343 546 1391 eo
570 1324 661 1410 quod
686 1324 869 1393 Marlovius
893 1326 930 1393 in
954 1326 1109 1395 versibus
1132 1344 1201 1395 non
1224 1327 1385 1396 similiter
1482 1314 1486 1319 ’

169 1434 414 1503 desinentibus
432 1430 537 1519 hujus
559 1432 727 1518 poematis
747 1432 1044 1519 interpunctorum
1067 1434 1218 1502 reditum
1242 1436 1384 1503 solerter

168 1543 208 1610 et
231 1540 353 1609 callide
376 1539 530 1608 nondum
554 1539 712 1607 alternat.
738 1540 903 1608 Bullenus
926 1543 1041 1608 autem
1061 1541 1103 1610 de
1122 1560 1159 1608 re
1175 1560 1244 1609 non
1263 1542 1383 1610 eadem

168 1648 303 1717 sentit:

214 1829 228 1861 α
246 1808 260 1868 Ι
277 1812 409 1869 venture
423 1812 455 1868 tc
469 1805 572 1885 think,
588 1806 690 1888 inquit
704 1807 756 1870 ille
767 1805 791 1879 ¹,
807 1807 875 1870 that
889 1807 941 1870 the
956 1807 1038 1871 lines
1052 1825 1107 1902 are
1122 1814 1177 1871 not
1189 1808 1333 1891 wanting
1346 1809 1381 1872 in
1494 1840 1496 1849 ·

166 1905 294 1986 variety
310 1902 453 1986 olpause
468 1911 498 1966 to
513 1923 576 1985 any
590 1925 667 1986 very
682 1905 855 1969 noticeable
870 1912 988 1969 extent.
1007 1930 1020 1962 ›

215 2068 368 2139 Tertium
384 2088 481 2156 opus,
499 2069 654 2138 Marlovii
671 2074 781 2138 morte
796 2071 923 2157 pariter
937 2070 1180 2158 interruptum,
1193 2089 1313 2158 poema
1328 2075 1380 2139 est

169 2182 269 2248 Hero
285 2178 363 2246 aad
375 2177 546 2246 Leander
564 2177 783 2265 inscriptum.
800 2178 841 2246 Ei
860 2177 996 2247 videtur
1009 2179 1047 2247 in
1061 2178 1177 2247 animo
1194 2178 1301 2247 luisse
1316 2178 1380 2247 boc

168 2286 345 2356 Sestiadc
358 2303 491 2366 vocare,
507 2287 597 2371 quod
613 2286 696 2353 urbs
711 2287 824 2355 Sestos
848 2287 943 2355 locus
965 2289 1057 2354 esset
1074 2287 1111 2354 in
1129 2306 1197 2373 quo
1211 2305 1267 2354 res
1280 2290 1378 2374 gesta

116 2458 119 2462 .
168 2394 287 2462 luerit.
305 2394 376 2461 Hoc
389 2410 475 2478 opus
490 2393 719 2478 compositum
734 2393 800 2461 suit
818 2392 861 2460 ad
881 2395 1054 2479 exemplar
1073 2395 1239 2480 poematis
1258 2393 1377 2479 scripti

166 2521 187 2568 a
214 2500 365 2587 sophista
395 2499 582 2587 incognito,
609 2500 652 2566 ad
678 2499 950 2567 Alexandrinam
978 2500 1146 2568 familiam
1171 2501 1374 2587 pertinente.
1433 2490 1440 2508 ‘

165 2610 255 2676 Rem
279 2607 379 2673 hodie
406 2607 579 2673 novimus.
605 2605 736 2674 Saeculo
759 2610 874 2674 autem
898 2609 993 2673 sexto
1016 2610 1049 2675 et
1067 2608 1200 2676 decimo
1218 2610 1255 2676 P.
1276 2609 1312 2676 G.
1333 2608 1375 2675 N.

165 2714 280 2782 critici
297 2713 541 2780 existimabant
563 2713 649 2780 illud
672 2713 882 2799 principium
898 2732 1001 2781 suum
1020 2733 1040 2781 a
1058 2714 1231 2800 prioribus
1245 2717 1376 2801 tempo-

164 2822 265 2890 ribus
280 2823 444 2907 repetere,
461 2825 495 2888 et
504 2819 741 2888 conferebatur
755 2821 792 2888 in
806 2822 985 2900 Musaeum,
995 2823 1132 2905 poetam
1147 2820 1375 2908 semi-mythi-

164 2947 248 2997 cum
267 2929 327 3014 qui
346 2927 455 2996 fertur
475 2927 614 2994 Hesiodi
634 2929 668 2994 et
693 2928 832 3016 Homeri
853 2927 1020 3015 magister
1039 2926 1158 2995 luisse.
1174 2928 1375 3015 AEqualium

164 3038 266 3103 aetate
291 3035 496 3103 sententiam
521 3053 679 3120 sequens,
696 3034 880 3103 llarlovius
896 3034 1114 3102 existimabat
1128 3052 1247 3120 poema
1265 3053 1374 3102 unum

165 3160 242 3209 esse
257 3161 297 3208 ex
317 3140 522 3209 venerandis
539 3141 773 3209 monumentis
788 3160 865 3227 quae
879 3141 1004 3208 litteris
1022 3141 1183 3208 mandata
1202 3139 1341 3209 suerunt
1355 3161 1375 3210 a

165 3248 339 3336 prioribus
354 3248 525 3328 aetatibus,
547 3249 770 3334 quamobrem
787 3249 824 3316 in
843 3249 970 3316 honore
985 3248 1137 3316 maximo
1152 3246 1188 3315 id
1207 3246 1327 3314 habuit
1341 3249 1375 3314 et

166 3355 426 3422 accuratissime
454 3356 491 3422 in
514 3355 752 3423 Britannicum
775 3355 954 3436 convertit,
979 3356 1063 3424 dum
1086 3372 1160 3422 rem
1190 3352 1277 3421 iorte
1304 3371 1374 3421 non

166 3463 379 3541 tentavisset,
396 3465 490 3530 tanta
505 3463 626 3530 saltem
641 3480 734 3542 cura,
747 3461 777 3528 si
791 3461 945 3530 earmina
956 3479 1017 3548 pro
1032 3479 1134 3547 opere
1147 3463 1287 3530 aetatum
1299 3459 1372 3548 jam

166 3570 465 3638 deflorescentium
482 3569 669 3636 habuisset.

210 3679 333 3745 Poema
349 3677 404 3745 cui
423 3679 520 3744 Hero
540 3676 618 3743 aad
638 3675 810 3744 Leander
831 3675 966 3757 titulus,
986 3673 1212 3762 compositum
1236 3670 1313 3755 luit,
1334 3672 1373 3740 ut

164 3783 354 3852 verisimile
381 3785 444 3866 est,
471 3782 684 3870 temporibus
708 3783 832 3851 iisdem
860 3783 986 3869 quibus
1010 3781 1136 3869 scripta
1160 3779 1312 3860 luerunt,
1339 3780 1373 3845 et

165 3894 320 3976 poemata
345 3891 387 3958 de
412 3890 538 3976 quibus
563 3890 664 3958 modo
688 3891 854 3978 agebatur
875 3891 909 3957 et
927 3889 1049 3975 primae
1064 3885 1218 3956 Marlovii
1233 3884 1369 3966 tabulae,

165 3996 201 4062 id
226 4001 288 4077 est,
314 3998 387 4064 sive
410 4017 518 4083 quum
542 3997 879 4086 cantabrigiensium
902 3997 1117 4064 Athenarum
1137 3994 1247 4061 incola
1268 3993 1369 4070 esset,

166 4103 239 4170 sive
267 4123 375 4189 quum
403 4103 561 4172 Londinii
590 4123 729 4184 recens,
761 4107 794 4172 et
820 4103 987 4172 memoria
1022 4100 1216 4170 studiorum
1243 4096 1371 4186 quibus

165 4210 302 4278 deditus
323 4211 434 4279 luerat
452 4213 604 4292 illectus,
630 4211 797 4298 majorem
820 4230 924 4298 quam
948 4208 1119 4297 posterius
1139 4206 1309 4274 servorem
1326 4203 1371 4271 ad

164 4317 333 4385 bonarum
351 4318 477 4386 artium
493 4318 692 4406 disciplinas
711 4319 899 4399 adhiberet,
917 4321 950 4385 et
964 4317 1105 4385 laudum
1123 4311 1370 4399 cupidissimus

164 4427 266 4491 esset.
285 4426 384 4493 Forte
399 4443 485 4512 opus
499 4425 673 4514 inceptum
687 4424 822 4507 deinde,
834 4424 948 4514 longis
963 4421 1152 4491 intervallis
1167 4417 1367 4506 interJectis,

199 4633 209 4666 ¹
229 4632 290 4688 Vol.
308 4634 426 4699 l,p.11v.
