3120 5474
697 420 854 485 44..

168 593 353 663 Narlovius
385 613 425 664 eo
453 596 638 682 perductus
661 600 772 676 esset,
803 595 856 662 vel
884 596 1065 681 postquam
1090 592 1206 663 fabula
1237 597 1361 663 Tamer-

170 702 277 768 tunus
297 702 460 789 inscripta
476 703 585 788 plebis
599 703 805 789 captavisset
826 703 1003 789 suffragia,
1020 704 1060 769 ut
1079 702 1249 770 ludicram
1269 707 1361 768 artem

167 813 350 876 exerceret.
377 812 489 892 Quum
515 808 722 876 Londinium
746 808 897 875 venisset
925 806 1074 874 fortunis
1102 826 1237 894 expers,
1264 809 1362 874 nullas

169 918 298 985 habens
322 919 500 987 facultates
520 919 587 984 nisi
613 937 716 1005 parva
740 918 881 1003 praemia
906 936 924 983 e
949 917 1102 983 librariis
1125 919 1197 982 ete
1219 916 1363 982 ludorum

166 1025 357 1092 rectoribus
372 1030 529 1111 percepta
544 1045 605 1112 pro
621 1026 781 1111 operibus
797 1027 883 1106 suis,
903 1045 981 1112 quae
994 1030 1086 1094 certe
1106 1044 1176 1093 non
1191 1027 1235 1093 ad
1248 1027 1363 1092 victum

167 1134 201 1200 et
223 1132 355 1199 cultum
381 1152 482 1200 suum
508 1134 782 1219 suppeditabant,
809 1137 880 1201 tam
907 1135 1009 1200 sociis
1033 1152 1138 1218 quam
1158 1134 1283 1200 studiis
1305 1133 1365 1198 suis

167 1257 353 1323 persuasus
373 1240 495 1306 luisset
518 1245 556 1307 ut
580 1239 774 1306 necessaria
801 1240 947 1307 scenicis
970 1238 1128 1306 artificiis
1153 1240 1219 1306 sibi
1243 1257 1365 1325 compa·

167 1349 271 1414 raret.
297 1348 360 1428 Qui
384 1346 517 1414 fabulas
541 1350 623 1414 tunc
639 1347 846 1428 scribebant,
868 1347 991 1414 iisdem
1016 1346 1209 1414 rationibus
1226 1348 1268 1414 ad
1287 1347 1366 1413 viam

167 1453 263 1520 illam
287 1453 474 1523 ineundam
500 1454 776 1539 impellebantur,
798 1458 831 1520 et
859 1454 1014 1539 plerique
1037 1453 1193 1522 hlarlovii
1218 1455 1365 1539 aequales,

168 1560 223 1627 his
247 1564 441 1647 temporum
460 1561 638 1647 requisitis
662 1565 862 1646 paruerunt.
888 1561 1124 1647 Shakespearo
1149 1561 1217 1646 ipsi
1243 1579 1368 1628 necesse

167 1666 244 1746 suit,
273 1687 381 1754 quum
407 1669 495 1736 hanc
520 1667 721 1734 servitutem
745 1686 869 1735 exuere
893 1669 1013 1747 voluit,
1042 1668 1217 1735 theatrum
1234 1671 1367 1756 regeret,

167 1774 258 1859 quod
274 1778 356 1841 tunc
372 1778 443 1841 tam
458 1774 576 1862 magni
592 1778 744 1860 quaestus
760 1778 833 1842 erat
845 1793 951 1861 quam
961 1774 1057 1860 parvi
1071 1773 1208 1842 fabulas
1218 1775 1367 1842 scribere.

211 1882 349 1967 Paynus
372 1882 539 1949 Collierus
562 1882 633 1967 qui,
661 1882 843 1949 materiam
875 1881 1121 1968 perquirenda,
1152 1882 1188 1949 id
1212 1882 1368 1966 probavit,

167 1991 267 2056 antea
291 1988 457 2067 dubium,
493 1988 642 2056 fabulam
677 1990 731 2057 cui
762 1990 987 2056 Tamerlanus
1016 1988 1139 2055 titulus
1168 2008 1187 2055 a
1221 1988 1370 2055 Marlovio

168 2089 395 2181 compositam
419 2095 538 2173 fuisse,
560 2096 696 2163 erebus
716 2115 802 2181 quas
826 2099 1010 2183 repererat,
1037 2097 1101 2163 hoc
1123 2114 1248 2184 cogere
1261 2095 1368 2172 voluit,

168 2201 320 2269 sabulam
337 2203 433 2270 illam
449 2221 538 2269 anno
554 2203 591 2268 P.
613 2204 647 2269 C.
670 2205 710 2269 N.
733 2204 920 2270 millesimo
939 2203 1222 2290 quingentesimo
1247 2205 1369 2288 octoge-

170 2309 258 2375 simo
282 2313 377 2376 sexto
405 2309 519 2399 (1586)
544 2313 655 2376 actam
680 2310 798 2377 luisse.
826 2313 891 2378 Res
920 2331 938 2376 e
963 2311 1089 2395 quibus
1116 2310 1287 2376 sententia
1308 2309 1371 2394 ejus

169 2415 263 2481 illata
288 2419 350 2495 est,
377 2435 478 2484 nemo
507 2436 589 2484 sane
614 2418 749 2485 vocabit
772 2419 808 2485 in
833 2419 991 2484 dubium.
1019 2417 1193 2485 Sententia
1226 2420 1335 2483 autem
1356 2433 1371 2480 e

169 2524 271 2590 rebus
292 2542 360 2590 non
381 2525 574 2590 rectissime
600 2525 739 2591 collecta
765 2524 851 2590 mihi
875 2525 1024 2591 videtur.
1050 2525 1150 2608 Apud
1176 2523 1371 2608 proaemium

169 2631 260 2716 quod
291 2630 406 2696 libello
439 2630 577 2697 Roberti
609 2632 731 2697 Greeni
760 2631 950 2717 Menaphon
982 2631 1147 2714 inscripto
1181 2630 1370 2716 praeposuit,

168 2738 315 2804 Thomas
329 2738 420 2803 Nash
442 2738 600 2804 inflatum
616 2742 650 2804 et
664 2738 852 2805 ridiculum
876 2738 998 2804 irridet
1017 2737 1154 2804 dicendi
1180 2755 1293 2823 genus
1314 2752 1373 2820 quo

169 2847 323 2911 uteretur
351 2845 510 2929 stupidus
542 2845 684 2930 quidam
722 2847 850 2912 artium
887 2846 1074 2932 magister,
1113 2863 1223 2929 quum
1264 2861 1374 2910 versus

169 2954 363 3019 contexeret
386 2970 455 3018 non
478 2957 715 3030 consonantes
742 2972 828 3037 quos
852 2972 973 3019 versus
998 2953 1034 3017 in
1057 2970 1197 3018 scenam
1222 2952 1254 3017 is
1283 2950 1374 3017 modo

168 3060 412 3137 transtulisset,
430 3063 463 3125 et
483 3059 664 3125 manifesto
685 3060 848 3145 sagittam
873 3059 1031 3124 immittit
1050 3059 1087 3124 in
1102 3058 1308 3124 llarlovium
1323 3055 1375 3142 qui

169 3167 303 3252 primus
327 3166 460 3233 fabulas
481 3165 662 3233 scribendo
686 3167 844 3233 versibus
865 3184 934 3232 non
959 3166 1120 3237 similiter
1143 3165 1377 3232 desinentibus

169 3293 253 3341 usus
268 3277 330 3351 est,
355 3280 388 3339 et
402 3274 554 3359 primum
580 3292 688 3357 quum
705 3275 947 3340 Tamerlanum
974 3277 1207 3358 componeret.
1231 3272 1378 3339 Libellus

169 3387 284 3448 autem
298 3381 420 3448 Greeni
435 3381 494 3466 qui
512 3381 719 3466 Meouphou
735 3381 949 3459 inscribitur,
971 3381 1113 3465 insuper
1134 3380 1231 3446 addit
1247 3382 1380 3466 Paynus

170 3489 347 3566 (lollierus,
365 3489 454 3575 typis
471 3490 654 3556 mandatus
673 3488 739 3555 fuit
754 3507 843 3555 anno
858 3490 896 3554 P.
908 3490 944 3555 C.
958 3490 998 3554 N.
1016 3487 1382 3574 millesimoquingen-

170 3595 293 3662 tesimo
308 3596 518 3682 octogesimo
540 3596 685 3681 septimo
710 3595 836 3682 (1587).
862 3595 1085 3662 Tamerlanus
1105 3613 1188 3681 ergo
1215 3592 1384 3680 superiori

172 3721 260 3768 anno
275 3705 372 3768 actus
386 3702 463 3769 fuit.
480 3704 613 3769 Pariter
629 3706 743 3770 autem
761 3702 950 3769 verisimile
974 3704 1025 3768 est
1044 3701 1269 3780 Narlovium,
1296 3704 1386 3787 post-

171 3828 275 3895 quam
295 3809 423 3877 artium
446 3811 614 3898 magister
641 3811 751 3878 factus
776 3810 879 3877 fuerit
898 3827 987 3875 anno
1007 3807 1194 3874 millesimo
1213 3809 1387 3896 quingen-

170 3917 294 3985 tesimo
321 3919 530 4005 octogesimo
558 3918 704 4003 septimo
738 3915 869 4005 (1587),
903 3917 1023 3982 eodem
1052 3933 1142 3982 anno
1176 3916 1388 3983 Londinium

170 4024 322 4104 venisse,
352 4026 594 4092 Tamerlanum
624 4025 660 4090 in
695 4042 833 4090 scenam
865 4022 1060 4101 induxisse,
1096 4040 1201 4106 quam
1231 4020 1389 4089 fabulam

170 4151 231 4217 per
245 4132 313 4199 otia
329 4133 494 4208 studiosa,
511 4152 619 4217 quum
633 4133 669 4199 in
681 4129 1021 4218 cantabrigiensibus
1033 4129 1159 4196 scholis
1173 4135 1387 4210 versaretur,

171 4240 431 4325 composuisset,
448 4243 481 4306 et
496 4240 600 4319 Nash,
617 4240 676 4325 qui
692 4240 722 4305 ei
740 4239 914 4305 invidebat
931 4238 1048 4323 plures
1063 4237 1106 4302 ob
1126 4235 1281 4303 rationes
1301 4256 1390 4321 quas

173 4365 339 4431 exponam
369 4348 470 4427 infra,
501 4347 704 4432 proaemium
729 4364 831 4413 suum
859 4345 1039 4430 scripsisse
1063 4344 1147 4410 dum
1170 4342 1246 4428 ejus
1271 4343 1392 4410 fabula

172 4453 282 4538 plebis
305 4455 469 4541 suffragia
493 4457 656 4539 captaret,
685 4457 719 4519 et
739 4453 827 4519 hanc
851 4451 1040 4536 arripuisse
1064 4451 1282 4517 occasionem
1307 4452 1390 4518 irri-

172 4560 275 4626 dendi
291 4562 530 4629 scholasticam
553 4561 703 4646 palmam
729 4564 762 4625 et
781 4559 952 4626 scenicam
973 4558 1090 4624 aemuli
1115 4557 1172 4622 sui
1195 4556 1387 4623 fortunam.

173 4669 269 4750 Quod
284 4670 385 4735 etiam
404 4691 483 4738 vero
503 4669 643 4756 propius
663 4687 737 4734 esse
757 4667 904 4734 videtur.
931 4667 969 4733 ld
988 4665 1081 4731 enim
1102 4663 1301 4748 conjectura
1316 4681 1389 4730 non

172 4775 348 4864 probabile
371 4782 441 4856 est,
467 4777 671 4845 Marlovium
694 4791 785 4840 anno
807 4775 846 4840 P.
872 4773 907 4840 G.
933 4774 973 4839 N.
1002 4770 1190 4838 millesimo
1214 4769 1389 4856 quingen·
