3120 5474
694 350 871 413 -181-

178 519 300 586 fuisset
314 538 467 587 amorem
483 521 590 588 alium
606 525 695 588 esset
712 525 745 587 et
760 521 967 591 familiarem
982 541 1051 590 non
1069 526 1207 610 turpem
1221 527 1255 592 et
1268 543 1383 611 asper·

176 628 343 694 nandum.
378 629 542 709 Quamvis
574 648 614 694 ex
651 629 813 696 omnibus
845 628 972 697 fabulis
1005 631 1220 698 a'Marlovio
1247 632 1386 717 scriptis

174 735 359 801 Eduardus
388 735 561 803 secundus
589 736 845 802 ordinatissima
875 738 936 815 sit,
967 740 1001 803 et
1031 755 1094 804 nec
1120 738 1218 817 nodi,
1244 755 1307 805 nec
1332 738 1386 805 vis

173 841 305 928 tragica
335 842 416 907 huic
444 842 574 923 desint,
608 843 732 909 vitium
759 846 874 909 tamen
903 842 990 909 illud
1017 843 1073 908 his
1101 843 1289 911 virtutibus
1317 862 1386 911 non

172 948 361 1015 obductum
378 951 440 1014 est.
458 949 521 1014 Vix
536 952 569 1014 et
584 947 765 1035 aegerrime
779 947 915 1015 conficit
928 948 1114 1015 Marlovius
1133 952 1172 1015 ut
1188 949 1385 1017 misericor·

170 1054 265 1120 diam
296 1054 506 1122 intuentium
537 1054 652 1120 eliciat
679 1071 739 1138 pro
771 1054 933 1120 Eduardo
965 1054 1132 1134 secundo,
1167 1055 1387 1142 gravissimis

170 1162 393 1228 contumeliis
409 1162 451 1227 ab
466 1160 700 1227 acerbioribus
720 1161 876 1226 hostibus
895 1160 1054 1227 lacerato.
1079 1161 1243 1228 Attamen
1266 1162 1386 1247 praeci-

169 1286 256 1352 puas
272 1270 388 1353 partes
404 1268 498 1334 dedit
512 1268 586 1354 regi
602 1267 660 1332 isti
679 1285 794 1351 quem,
811 1285 906 1332 more
929 1285 1004 1346 suo,
1029 1267 1066 1333 in
1084 1267 1239 1334 medium
1261 1266 1387 1335 fabulae

169 1375 286 1441 locum
313 1375 360 1440 ita
385 1374 574 1454 collocavit,
600 1377 638 1440 ut
661 1374 696 1439 in
719 1393 811 1454 eum,
838 1373 1131 1459 quemadmodum
1152 1373 1189 1440 in
1212 1377 1383 1455 centrum,

169 1500 224 1546 res
240 1484 275 1546 et
291 1480 372 1547 nodi
389 1484 544 1567 vergant.
560 1482 688 1548 Verum
704 1482 918 1559 Eduardum,
935 1480 1075 1567 ingenio
1094 1481 1247 1561 mollem,
1273 1480 1384 1549 incer-

168 1590 243 1653 tum
264 1587 387 1665 animi,
412 1588 471 1672 qui
496 1593 529 1654 et
552 1587 798 1672 cupiditatibus
822 1594 856 1654 et
878 1587 1108 1654 familiaribus
1135 1587 1209 1654 suis
1233 1588 1384 1655 ludibrio

168 1700 239 1772 est,
272 1713 342 1760 non
367 1695 478 1778 potuit
500 1695 612 1761 valida
640 1695 782 1761 induere
806 1693 915 1760 forma
944 1693 1043 1780 cujus
1071 1694 1183 1782 gratia
1211 1694 1384 1782 imagines

169 1801 382 1878 Tamerlani,
406 1803 522 1869 Fausti
541 1800 797 1886 Melitensisquc
817 1800 930 1869 Judoei
951 1801 1060 1868 vitam
1077 1802 1211 1887 spirant
1230 1804 1265 1868 et
1287 1820 1383 1888 spec-

168 1912 281 1974 tantes
311 1909 464 1974 valenter
489 1909 657 1975 alliciunt.
695 1909 775 1975 Haec
802 1907 984 1992 praecipuae
1011 1925 1168 1994 personae
1192 1908 1317 1975 menda
1343 1927 1383 1975 eo

167 2016 340 2100 apertiora
357 2018 449 2094 sunt,
466 2017 557 2101 quod
573 2016 757 2082 Marlovius
774 2015 858 2081 alias
878 2019 992 2100 partes
1011 2015 1255 2102 indiligentius
1268 2014 1381 2082 finxit.

167 2123 350 2200 Gaveston,
370 2121 429 2206 qui
445 2122 488 2188 ab
507 2121 668 2189 Eduardo
683 2122 839 2189 Secundo
854 2120 1079 2208 singulariter
1098 2121 1269 2209 diligitur,
1287 2140 1382 2188 arro-

168 2247 256 2314 gans
271 2231 373 2294 estet
387 2229 559 2314 gloriosus
572 2250 580 2307 ;
598 2230 668 2294 solo
684 2232 716 2294 et
732 2247 819 2295 caeco
835 2229 928 2315 regis
943 2246 1059 2294 amore
1074 2227 1111 2293 in
1125 2230 1262 2294 tantum
1272 2228 1383 2296 elatus

168 2339 220 2400 est
235 2333 429 2421 fastigium,
446 2335 560 2401 inanis
575 2335 667 2400 enim
683 2338 734 2401 est
749 2335 908 2419 superbia
923 2354 992 2420 qua
1007 2335 1219 2401 intumescit.
1235 2336 1380 2424 Regina,
1423 2398 1425 2402 ,

169 2441 323 2525 primum
339 2440 587 2525 perindulgens
605 2443 637 2504 et
652 2439 758 2505 nimia
776 2438 883 2504 animi
906 2439 1063 2517 mollitia,
1089 2457 1157 2524 qua
1176 2438 1382 2526 dignitatem

170 2547 302 2635 regiam
327 2546 521 2623 imminuit,
546 2545 626 2631 jura
646 2564 707 2611 sua
732 2547 909 2624 deserens,
934 2546 1078 2612 modum
1101 2545 1226 2612 deinde
1248 2545 1383 2612 excedit

169 2654 392 2734 contrarium,
410 2653 624 2719 concedendo
642 2655 679 2718 ut
693 2653 735 2718 de
753 2652 900 2739 conjuge
915 2671 977 2719 suo
991 2652 1240 2740 gravissimum
1264 2670 1381 2719 suma·

168 2764 225 2826 tur
240 2759 462 2844 supplicium,
480 2778 548 2845 quo
563 2760 744 2826 etiamtum
763 2777 832 2825 non
852 2760 895 2826 ad
915 2759 1191 2826 misericordiam
1214 2758 1377 2838 allicitur,
1447 2752 1451 2761 '

168 2870 202 2932 et
217 2866 292 2932 ideo
308 2866 542 2950 spectantibus
557 2866 594 2931 in
608 2866 727 2932 odium
740 2865 845 2933 venit.
867 2865 1056 2951 Optimates
1070 2864 1269 2947 britannici,
1286 2865 1381 2954 regis

167 2971 271 3038 etiam
303 2970 443 3049 fratres,
478 2971 638 3057 potentiae
666 2951 882 3057 cupidissimi
920 2974 954 3037 et
990 2970 1181 3056 asperrima
1219 2971 1380 3056 superbia

167 3082 352 3156 tumentes,
370 3097 444 3144 sese
458 3078 558 3144 unice
572 3078 724 3164 diligunt
739 3083 771 3144 et
791 3078 929 3144 diritate
948 3097 1011 3145 sua
1031 3076 1166 3145 animos
1188 3077 1377 3145 offendunt.

167 3185 265 3251 Solus
281 3184 432 3250 Eduardi
446 3183 539 3250 filius
555 3203 615 3250 sua
631 3184 667 3249 in
682 3188 815 3270 patrem
830 3185 955 3270 pietate
969 3188 1003 3251 et
1016 3185 1109 3251 virili
1125 3186 1245 3253 robore
1263 3187 1380 3253 adver-

167 3311 227 3357 sus
251 3310 309 3358 eos
333 3291 392 3376 qui
417 3310 536 3379 regem
562 3291 809 3359 interfecerunt
833 3291 967 3358 animos
990 3295 1106 3359 movet
1126 3295 1160 3359 et
1186 3294 1379 3379 spectantes

166 3404 334 3464 moratur.
355 3398 530 3465 Secundas
545 3402 660 3465 autem
675 3403 789 3484 partes
804 3402 897 3465 tenet
911 3402 945 3464 et
957 3399 1095 3467 vultum
1109 3399 1210 3465 illum
1225 3400 1378 3468 tantum-

167 3505 268 3571 modo
284 3523 344 3588 per
357 3507 570 3588 postremum
585 3508 700 3571 actum
717 3505 842 3571 induit.

211 3612 332 3678 Mende
347 3610 419 3690 1113,
436 3614 612 3690 caeterum,
636 3610 753 3677 minus
768 3611 996 3690 offendebant,
1016 3611 1090 3677 sine
1109 3612 1226 3692 dubio,
1246 3611 1379 3679 britan·

168 3718 263 3785 nicos
290 3717 393 3803 hujus
417 3717 528 3783 aetatis
552 3721 743 3801 spectantes
766 3737 870 3802 quam
895 3719 997 3785 hodie
1018 3718 1149 3785 laedunt
1166 3717 1380 3806 alienigenas

167 3825 287 3892 drama
321 3825 485 3912 legentes.
517 3825 645 3890 Fabula
679 3844 734 3890 res
767 3825 934 3891 tractabat
966 3825 1172 3892 recentiores
1204 3843 1309 3911 quam
1340 3828 1381 3893 ut

167 3932 341 3998 intuentes
355 3932 481 3997 harum
495 3931 699 3997 memoriam
711 3949 778 3997 non
790 3932 1025 4009 retinuissent,
1038 3933 1072 3997 et
1080 3932 1124 3998 ab
1134 3931 1178 3998 iis
1188 3949 1257 3998 non
1267 3950 1380 3999 move·

167 4042 299 4105 rentur.
330 4038 400 4104 Hoc
422 4038 609 4105 certamine
633 4039 798 4105 adversus
822 4057 953 4126 regem,
979 4038 1170 4106 Britannici
1196 4039 1379 4124 optimates

166 4145 385 4230 proluserant
400 4145 442 4210 ad
462 4150 644 4211 cruentum
670 4171 685 4204 «
706 4147 859 4211 Duarum
884 4146 1055 4213 Rosarum
1075 4145 1217 4224 bellum,
1237 4170 1252 4204 »
1279 4143 1379 4232 cujus

165 4250 316 4319 luctuosi
354 4269 453 4316 casus
491 4254 694 4318 cunctorum
722 4251 758 4316 in
786 4252 896 4317 oculis
930 4251 1043 4318 adhuc
1070 4251 1314 4331 versabantur,
1345 4254 1379 4319 et

165 4357 417 4425 Marlovianum
440 4360 559 4424 drama
582 4376 650 4424 una
678 4361 731 4424 est
753 4377 794 4423 ex
817 4359 894 4424 istis
918 4357 1044 4425 fabulis
1073 4355 1379 4444 Cbrooicle·Plep

164 4465 310 4541 vocatis,
341 4466 375 4528 et
398 4465 603 4531 Britannicae
631 4483 741 4531 scenae
769 4465 929 4549 propriis,
958 4483 1106 4551 quarum
1132 4467 1379 4551 argumentum

164 4572 275 4638 totius
291 4573 412 4636 eventa
431 4572 528 4657 regni
545 4572 793 4657 complectitur.
811 4571 987 4657 Imprimis
1006 4571 1109 4637 etiam
1134 4571 1224 4656 apud
1244 4569 1379 4658 judices

163 4675 373 4746 auctoritate
396 4677 512 4743 floruit
534 4679 625 4763 quod
649 4678 802 4762 primum
826 4681 878 4744 est
903 4697 944 4744 ex
969 4676 1142 4744 historicis
1165 4676 1378 4745 dramatibus
