3120 5474
722 394 860 459 ..p-

179 570 294 639 locum
315 569 510 638 fabularum
530 588 607 655 quae
628 569 799 656 liturgica
823 567 1110 645 nominabantur,
1137 567 1390 655 semiliturgicae

179 680 433 744 successerunt.

225 785 305 851 llaec
331 784 525 851 fabularum
551 782 867 867 componendarum
893 780 981 846 ratio
1005 781 1048 846 ad
1074 780 1295 865 disciplinam
1319 781 1390 847 fun-

178 891 272 956 ditus
296 890 516 956 evertendam
536 889 719 955 manifesto
744 887 915 966 landelini,
939 906 1049 972 ncquc
1068 887 1171 974 longo
1192 889 1303 972 spatio
1323 887 1393 954 ideo

178 997 301 1079 viguit.
319 996 450 1062 Scenici
468 995 540 1061 ludi
551 994 623 1080 J‘am
640 995 750 1079 pluris
766 994 932 1059 momenti
949 996 982 1058 et
996 994 1158 1077 ponderis
1169 998 1280 1072 erant,
1293 1013 1394 1078 quam

177 1108 216 1169 ut
249 1103 284 1167 in
321 1121 499 1168 sacrorum
538 1100 749 1167 cerimoniis
778 1099 909 1165 diutius
944 1100 1108 1166 inessent.
1145 1100 1395 1165 Celeberrimus

176 1228 312 1294 quoque
349 1209 504 1275 uirorum
538 1208 794 1291 mulierumque
823 1210 1011 1272 conventus
1041 1207 1226 1293 angustius
1264 1207 1395 1273 indies

177 1316 328 1383 sedebat.
346 1318 384 1381 lu
408 1315 541 1382 fabulas
564 1318 690 1400 prater
715 1314 787 1380 brec
811 1313 1052 1379 inserebantur
1076 1314 1191 1399 magis
1215 1314 1396 1400 magisque

176 1441 232 1487 res
252 1424 285 1487 et
304 1422 405 1487 verba
422 1422 577 1499 sordida,
596 1421 647 1486 rel
671 1421 707 1486 in
731 1423 953 1506 argunreuta,
980 1438 1081 1485 casus
1106 1420 1293 1498 scurrileS,
1322 1440 1398 1505 quae

176 1528 236 1593 Dei
257 1526 399 1613 ejusque
423 1528 631 1612 templorum
656 1525 871 1611 majestatem
896 1525 1077 1591 laedebant.
1104 1525 1210 1592 llulta
1238 1546 1394 1611 quoque,

176 1639 270 1700 tanta
295 1635 518 1700 multitudine
548 1633 730 1698 bominum
760 1632 796 1697 in
825 1632 1017 1716 spectacula
1048 1632 1292 1712 conveniente,
1326 1638 1395 1699 tam

175 1740 373 1806 turbulente
388 1740 440 1805 rel
458 1740 605 1823 turpiter
619 1739 810 1824 agebantur
824 1744 861 1804 ul
877 1738 1070 1804 sacerdotes
1081 1738 1155 1823 jam
1176 1757 1245 1804 non
1261 1740 1397 1806 deceret

176 1848 391 1912 scenicorum
411 1845 517 1912 ducos
537 1864 611 1910 csse
632 1845 793 1910 ludorum
814 1844 849 1910 in
869 1844 996 1928 quibus
1012 1863 1108 1911 saera
1124 1845 1279 1930 profanis
1295 1847 1396 1933 longe

176 1953 441 2037 mmmmmm.

220 2059 349 2124 Fabula
365 2077 442 2141 quae
461 2056 709 2144 semiliturgica
725 2057 864 2136 dicitur,
886 2076 904 2123 e
924 2058 1063 2142 templis
1083 2057 1202 2143 ejecta,
1225 2059 1261 2124 in
1283 2060 1397 2146 forum

174 2164 341 2250 confugit.
359 2166 558 2230 Sacerdotes
573 2165 632 2248 qui
649 2164 779 2249 primas
795 2164 945 2230 tulerant
962 2167 1076 2248 partes
1093 2169 1125 2231 et
1141 2166 1246 2232 duces
1263 2171 1395 2252 specta-

174 2272 332 2338 culorum
352 2271 500 2349 fuerant,
526 2270 580 2335 bis
602 2289 750 2354 praeesse
770 2270 835 2336 sibi
856 2271 941 2335 satis
963 2289 1038 2337 esse
1058 2273 1395 2340 duxe1·unt.Sodali-

174 2380 262 2444 tatcs
287 2378 340 2443 vel
364 2381 596 2443 mercatorum
615 2378 923 2461 operariorumquc
946 2378 1090 2464 collegia
1116 2379 1395 2463 exsequebantur

174 2484 320 2567 reliqua.
337 2483 401 2565 Qui
421 2482 556 2549 fabulas
575 2483 713 2562 dabant,
736 2487 941 2569 argumenta
961 2503 980 2549 e
998 2483 1097 2549 libris
1118 2486 1247 2551 sanctis
1273 2506 1394 2554 eruere

173 2592 496 2675 perseveraverunt,
532 2589 715 2655 materiam
748 2593 863 2662 autem
902 2592 1136 2657 tractaverunt
1165 2592 1330 2672 liberine,
1360 2597 1394 2661 et

173 2695 299 2763 fabula>
323 2716 362 2762 ea
386 2715 466 2762 cum
492 2696 647 2762 libertate
672 2696 809 2781 scriptae
834 2713 902 2762 non
928 2697 1131 2784 liturgicum
1162 2698 1302 2780 drama,
1334 2702 1393 2769 sed

172 2803 374 2888 lllystorium
390 2801 578 2868 nominatae
595 2801 746 2868 fuerunt.

216 2910 407 2975 Nonnullos
436 2909 526 2992 apud
555 2908 717 2993 populoS,
749 2907 924 2992 imprimis
956 2909 1047 2993 apud
1077 2909 1210 2991 Gallos,
1246 2912 1395 2999 vestigia

172 3034 292 3082 eorum
323 3015 382 3100 qui
412 3014 615 3100 liturgicum
636 3015 758 3082 drama
783 3014 1013 3099 scripserunt,
1039 3016 1082 3082 ab
1105 3016 1224 3095 initia,
1252 3037 1396 3102 operose

172 3127 302 3200 tamen,
319 3122 409 3188 docti
426 3122 534 3189 secuti
547 3126 639 3188 sunt.
652 3121 716 3202 Qui
728 3122 808 3188 talia
820 3122 1081 3207 conquisierunt
1091 3124 1182 3206 apud
1193 3123 1394 3207 Britannos,

172 3229 235 3298 hos
251 3229 419 3296 secundos
439 3229 553 3295 exitus
573 3247 642 3295 non
662 3229 867 3306 babuerunt,
889 3231 934 3308 et,
957 3231 994 3295 ut
1015 3229 1204 3295 verisimile
1221 3236 1284 3309 est,
1302 3249 1395 3299 nun-

172 3354 278 3421 quam
298 3337 485 3415 habebunt,
505 3334 630 3402 fabulae
650 3336 744 3402 enim
764 3335 800 3400 in
819 3335 980 3401 armariis
1000 3336 1150 3419 publicis
1172 3337 1225 3402 vel
1246 3337 1396 3420 privatis

171 3443 332 3523 conditae,
358 3443 520 3510 civilibus
541 3442 642 3508 bellis
666 3441 904 3520 saevientibus,
931 3442 1115 3508 destructae
1139 3440 1291 3509 fuerunt.
1317 3447 1395 3512 Non

171 3548 317 3614 dubium
334 3552 385 3612 est
399 3551 516 3613 tamen
530 3547 616 3631 quin
634 3547 658 3612 ii
676 3547 735 3632 qui
752 3566 889 3613 scenam
911 3549 1088 3613 tentarunt
1111 3549 1270 3614 eamdem
1296 3550 1393 3618 viam

170 3653 279 3719 secuti
299 3652 380 3717 sint.
403 3652 498 3718 Docti
519 3652 676 3736 quidam,
698 3653 872 3737 imprimis
895 3654 1108 3732 Wartonius,
1131 3656 1289 3739 exempla
1310 3676 1392 3741 pro-

168 3759 357 3824 tulerunte
376 3758 503 3842 quibus
522 3759 743 3843 consequitur
762 3761 800 3825 ut
820 3758 945 3826 fabulae
961 3778 1067 3827 sacrae
1086 3761 1123 3826 in
1143 3763 1283 3846 templis
1305 3768 1392 3830 acto

169 3865 314 3944 fuerint,
343 3864 468 3931 fabulae
501 3865 605 3931 etiam
639 3865 795 3932 omnium
829 3867 1083 3951 antiquissimae
1112 3887 1189 3952 quac
1216 3868 1392 3956 liturgica}

167 3976 350 4050 vocantur,
374 3972 500 4038 clrorus
520 3972 612 4037 enim
633 3991 754 4039 eorum
775 3972 836 4056 qui
855 3992 970 4039 sacros
990 3974 1151 4040 dicebant
1170 3978 1292 4041 cantus
1312 3995 1389 4042 oar-

167 4079 261 4145 mina
278 4079 436 4162 quaedam
452 4079 488 4144 in
505 4079 559 4144 lris
572 4079 664 4146 ludis
679 4080 905 4147 concinnebat
916 4085 939 4146 ¹.
956 4081 1188 4147 Ostenderunt
1202 4082 1307 4147 etiam
1325 4082 1390 4149 bas

166 4186 301 4253 fabulas
328 4187 420 4271 apud
451 4185 634 4252 Britannos
667 4187 800 4254 diutius
829 4192 983 4272 peractas
1017 4187 1124 4254 fuisse
1156 4208 1260 4273 quam
1296 4190 1390 4273 apud

198 4419 206 4453 ¹
223 4417 251 4467 ln
269 4418 374 4468 several
392 4417 421 4468 of
442 4430 493 4468 our
514 4416 559 4467 old
585 4417 732 4482 scriptural
751 4416 838 4482 plays,
857 4417 947 4482 inquit
962 4417 1123 4471 Wartonius
1143 4417 1206 4481 (Tbe
1222 4417 1337 4480 Historp
1356 4422 1391 4484 os

164 4496 279 4559 nuptast
291 4499 400 4561 Poetrp,
459 4498 496 4561 by
508 4497 626 4549 Thomas
638 4499 754 4551 Warton
769 4498 811 4548 ed.
829 4497 897 4556 1810,
910 4501 929 4548 t.
943 4499 974 4559 11,
987 4513 1014 4563 p.
1028 4498 1077 4558 aa),
1095 4511 1135 4548 we
1149 4511 1193 4548 see
1206 4511 1281 4548 some
1295 4498 1324 4547 of
1339 4499 1387 4551 the

164 4591 259 4629 soenes
272 4577 393 4628 directed
410 4583 438 4629 to
451 4579 483 4628 be
496 4578 671 4642 represented
691 4592 751 4628 cum
768 4582 850 4628 canta
867 4583 891 4628 et
909 4579 1033 4642 orpaab,
1053 4591 1070 4628 a
1088 4591 1215 4628 common
1235 4577 1329 4628 rubric
1350 4592 1386 4630 on

164 4658 211 4708 the
229 4657 331 4707 missal.
351 4658 421 4710 That
433 4658 469 4723 is,
483 4658 599 4710 because
613 4657 679 4724 they
693 4671 764 4710 uere
776 4658 932 4726 performed
947 4658 975 4710 in
989 4671 1006 4710 a
1020 4657 1126 4710 church
1141 4658 1231 4708 ubere
1244 4657 1290 4708 the
1305 4657 1386 4710 choir

163 4737 287 4794 asssiteu.
