3120 5474
685 384 864 449 ..136-

289 553 398 628 Come,
416 554 576 636 Speucer;
590 571 691 629 come,
708 555 861 634 Baldock,
876 573 978 635 corne,
995 554 1038 618 sit
1052 555 1147 619 down
1160 554 1199 635 by
1213 572 1277 627 mo;

289 654 386 714 Maka
399 654 472 714 trial
487 671 561 714 now
576 650 610 714 ot
620 654 686 715 that
701 653 902 735 philosophy,

288 751 371 812 That
385 750 419 812 in
433 769 493 811 our
508 749 632 812 famous
648 751 811 813 nurseries
827 750 862 812 of
873 758 939 813 arts

288 849 380 911 Thou
396 848 483 911 suok’
498 848 548 911 dst
563 848 643 911 trorn
660 852 751 911 Plato
766 850 828 911 and
844 848 926 913 trom
941 849 1102 911 Aristotlo.

289 947 418 1017 Panhor,
434 946 497 1008 this
512 946 564 1009 lile
574 948 816 1028 contemplative
831 947 859 1009 is
871 949 1004 1009 heaven.

289 1045 317 1107 0
332 1047 398 1108 that
414 1049 426 1109 Ι
443 1046 544 1127 might
558 1046 621 1109 this
635 1046 688 1107 lise
703 1047 736 1109 in
748 1046 835 1128 quiet
847 1046 936 1109 leadt

292 1144 355 1207 But
367 1165 427 1218 we,
443 1147 527 1207 alasl
544 1165 598 1208 are
612 1145 727 1207 chased
736 1167 743 1220 ;
762 1144 824 1208 and
838 1164 912 1225 you,
930 1165 982 1224 my
998 1142 1128 1220 friends,

290 1244 379 1306 Your
393 1242 472 1305 lives
487 1242 550 1305 and
565 1263 618 1323 my
633 1242 810 1305 dishonour
824 1244 898 1322 they
910 1261 1039 1324 pursue.

289 1343 359 1420 Yet,
375 1343 481 1423 gentle
496 1342 623 1416 monks,
640 1340 689 1403 tor
703 1352 858 1413 treasure,
873 1340 948 1422 gold
960 1358 1020 1403 nor
1033 1337 1092 1418 fea,

290 1441 337 1501 Do
351 1458 414 1519 you
429 1439 538 1519 betray
554 1458 592 1501 us
606 1439 667 1500 and
681 1458 741 1501 our
753 1459 912 1521 company
922 1437 943 1499 ¹.
964 1462 976 1492 ι

213 1620 395 1688 Eduardus
423 1621 594 1688 secundus
623 1621 724 1705 paulo
754 1625 829 1706 post
853 1621 889 1686 in
913 1639 1039 1688 manus
1063 1618 1214 1686 hostium
1235 1631 1368 1683 suorum

170 1725 302 1793 incidit.
320 1728 358 1793 ln
379 1726 507 1794 foedum
531 1727 713 1813 conjicitur
737 1746 909 1795 carcerem
933 1727 992 1811 qui
1017 1744 1078 1811 pro
1103 1723 1220 1811 palatii
1245 1721 1371 1808 dejectu

168 1837 231 1898 est.
244 1831 371 1899 Diebus
386 1834 505 1900 decem
519 1834 678 1919 peractio,
697 1852 756 1918 per
770 1854 856 1918 quos
871 1834 946 1900 sine
959 1832 1215 1899 intermissione
1227 1832 1375 1897 extrema

168 1936 202 2004 in
220 1943 330 2005 morte
343 1942 491 2013 tenetur,
508 1960 548 2007 ex
564 1959 604 2008 eo
618 1942 777 2008 educitur
795 1945 834 2008 ut
857 1940 1025 2026 supplicio
1048 1937 1172 2024 capitis
1196 1934 1376 2004 afficiatur.

167 2045 353 2113 Marlovius
367 2051 483 2114 autem
499 2047 668 2115 intellexit
687 2052 879 2135 spectantes
893 2066 961 2114 non
982 2044 1206 2114 dimittendos
1223 2062 1300 2110 esse
1323 2043 1379 2109 illa

167 2157 277 2219 morte
292 2156 447 2221 luctuosa
462 2153 610 2242 lugubre
625 2160 747 2233 motos,
766 2158 841 2221 tum
856 2154 1047 2240 praesertim
1064 2170 1174 2238 quum
1198 2151 1264 2218 hoc
1282 2168 1381 2237 argu-

167 2259 274 2325 menti
290 2259 382 2326 exitu
402 2277 472 2327 non
486 2263 622 2327 tantum
641 2265 809 2345 quantum
835 2279 890 2326 res
915 2260 1102 2355 postularet
1126 2256 1257 2325 divinis
1281 2259 1382 2343 atque

168 2366 330 2432 humanis
351 2364 489 2451 juribus
513 2367 746 2434 satisfecisset.
768 2370 882 2434 Poenae
905 2368 998 2455 regis
1020 2384 1156 2452 poenam
1180 2383 1303 2431 eorum
1324 2364 1383 2450 qui

168 2471 268 2538 illurn
286 2471 530 2539 interfecerant
549 2473 693 2552 addidit,
720 2479 758 2541 ut
780 2474 998 2541 conscientiae
1022 2472 1190 2559 requisita
1210 2471 1245 2537 in
1272 2475 1383 2537 totum

167 2580 396 2663 explerentur.
419 2580 541 2645 Curam
564 2583 680 2647 sontes
702 2578 892 2666 castigandi
910 2576 1086 2644 mandavit
1105 2576 1199 2663 regis
1219 2574 1305 2655 filio,
1324 2577 1384 2645 ad-

167 2686 308 2752 modum
324 2703 441 2770 puero.
459 2686 506 2751 De
525 2685 694 2759 Eduardo,
717 2685 843 2751 libente
866 2684 997 2771 regina,
1026 2681 1238 2768 supplicium
1264 2700 1386 2769 sump-

166 2796 241 2858 tum
260 2790 337 2858 tuit.
358 2791 471 2873 Quum
491 2792 690 2859 adolescens
709 2810 781 2858 rem
803 2791 949 2870 inaudit,
971 2789 1129 2879 generosi
1153 2789 1299 2857 affectus
1323 2791 1386 2876 qui

166 2898 237 2965 veri
253 2897 345 2985 regis
360 2904 452 2977 sunt,
469 2900 584 2966 dolore
604 2898 639 2964 in
656 2899 772 2965 animo
787 2918 849 2965 suo
868 2898 1072 2965 excitantur.
1096 2896 1208 2963 Mente
1231 2896 1388 2983 concipit

165 3024 284 3091 poenas
298 3024 317 3072 a
333 3006 489 3073 sontibus
513 3024 650 3073 sumere
674 3024 776 3072 suum
801 3024 876 3072 esse
896 3023 963 3071 non
981 3005 1093 3071 solum
1106 3002 1177 3090 jus,
1196 3004 1257 3071 sad
1277 3005 1387 3071 etiam

165 3112 330 3181 osticium.
355 3112 504 3198 Adjutus
530 3112 574 3179 ab
597 3112 726 3198 aliquot
750 3112 987 3197 optimatibus,
1009 3111 1069 3197 qui
1088 3111 1132 3179 ad
1152 3129 1233 3178 eum
1260 3130 1297 3178 se
1322 3112 1386 3178 ad·

162 3219 366 3306 junxerunt,
395 3237 463 3287 non
486 3223 668 3287 cunctatur
690 3219 775 3304 quin
800 3219 917 3306 gladio
945 3218 1065 3285 noxios
1093 3217 1278 3303 optimates
1306 3219 1387 3285 ani·

166 3326 370 3393 madvertat.

209 3433 262 3499 Ad
295 3432 483 3499 Mortimeri
511 3431 644 3510 tilium,
676 3430 867 3516 principem
895 3433 928 3497 et
960 3429 1188 3496 architectum
1219 3429 1383 3506 sceleris,

166 3539 331 3605 accedens
348 3559 356 3604 :

282 3720 386 3803 Kiny.
403 3722 520 3784 Villain
535 3726 541 3782 l
559 3723 673 3802 inquit.

156 3808 161 3817 ’
288 3819 404 3900 Youny
421 3820 608 3882 Mortimer.
628 3822 689 3895 Ho,
709 3838 794 3898 now,
812 3840 865 3899 my
881 3817 968 3880 lordt

282 3918 385 3998 Kinp.
403 3918 509 3979 Think
524 3930 580 3980 not
593 3919 660 3981 that
675 3921 687 3979 Ι
704 3937 756 3980 am
771 3916 907 4000 srighted
921 3916 999 3977 with
1014 3915 1068 3994 thy
1084 3912 1191 3975 words
1205 3914 1213 3971 l

279 4016 336 4093 My
351 4013 480 4076 sather's
494 4015 663 4078 murdered
678 4016 817 4097 through
831 4016 887 4095 thy
902 4014 1085 4092 treachery;

283 4111 355 4172 And
370 4112 446 4173 thou
461 4113 545 4175 shalt
559 4113 619 4192 die,
636 4114 700 4175 and
714 4131 757 4176 on
771 4113 823 4175 his
838 4108 1000 4174 mournlul
1014 4112 1129 4172 hearse

283 4210 353 4289 Thy
366 4208 484 4272 hateiul
498 4211 561 4273 aud
575 4210 727 4274 accursed
743 4210 823 4273 head
836 4212 917 4274 shall
932 4210 984 4288 lie,

282 4310 329 4369 To
341 4308 474 4370 witness
488 4317 520 4370 to
535 4310 587 4370 the
602 4308 714 4387 world,
733 4310 800 4371 that
813 4308 854 4389 by
868 4309 923 4388 thy
939 4326 1050 4369 means

284 4405 344 4466 His
358 4405 470 4486 kingly
484 4405 566 4487 body
580 4425 649 4468 was
664 4414 716 4469 too
732 4425 812 4469 soon
826 4405 966 4468 interred
981 4402 1004 4466 ².

194 4665 204 4699 ¹
218 4663 320 4727 Bullen,
334 4666 387 4717 vol.
402 4668 433 4728 ll,
445 4681 493 4732 pp.
510 4665 625 4717 tta-200.
640 4694 671 4703 -
683 4667 743 4717 hot.
761 4666 805 4725 tv.
819 4666 864 4717 Sc.
882 4666 928 4719 Vl.

193 4743 321 4805 ²Bulten,
335 4746 388 4796 vol.
402 4747 433 4808 ll,
447 4761 477 4811 p.
493 4746 549 4798 231.
563 4773 595 4783 -
610 4748 671 4798 Act.
687 4745 719 4809 V,
733 4745 778 4797 Sc.
795 4745 843 4799 Vl.
