3120 5474
691 369 869 442 -i'ot-

292 551 625 630 Ε661616166666166,
642 551 705 612 and
717 541 1052 623 Lord'Chamberlain,

291 651 421 733 Despite
436 649 471 713 of
482 651 588 724 times,
604 649 723 730 despite
739 648 773 711 of
783 649 925 713 6666166
937 647 958 709 ¹.

215 824 260 889 Et
283 823 400 890 minas
424 823 501 889 illas
524 825 647 907 patrat.
676 822 789 903 Quum
813 822 1008 906 optimates,
1033 822 1095 907 qui
1112 821 1186 909 jam
1200 824 1385 910 imperium

172 927 365 996 obtinuisse
379 930 536 1008 credunt,
554 928 681 995 audent
695 928 731 993 in
747 932 967 1012 conspectum
979 947 1081 995 suum
1093 931 1222 1009 venire,
1235 931 1387 1019 graviter
1454 974 1456 981 ι

172 1035 332 1119 66661166
355 1036 397 1102 (16
421 1036 548 1102 6661666
572 1053 639 1118 666
664 1053 789 1100 manus
810 1034 964 1119 ipsorum
984 1035 1153 1123 sanguine
1173 1037 1384 1116 imbuerunt,

173 1142 334 1226 quamvis
366 1141 533 1209 vetuisset
565 1160 608 1208 ne
639 1141 708 1207 vita
738 1142 939 1207 Gavestonis
969 1141 1166 1209 violaretur.
1199 1142 1302 1208 Jubet
1329 1160 1386 1210 eos

172 1247 385 1334 deprehendi
399 1251 433 1314 et
448 1249 484 1315 in
499 1247 766 1315 Londiniensem
782 1246 905 1314 turrim
921 1247 1014 1326 duci,
1031 1252 1070 1314 ut
1082 1249 1124 1315 de
1143 1248 1289 1330 cunctis,
1315 1266 1388 1333 per-

171 1356 359 1425 duellionis
375 1356 455 1434 6616,
472 1353 681 1440 supplicium
697 1358 867 1420 sumatur.
886 1354 952 1421 Sua
971 1357 1086 1422 autem
1106 1355 1247 1422 victoria
1272 1356 1386 1440 661616

171 1482 241 1532 666
265 1463 325 1530 (116
350 1461 489 1529 1661166.
516 1461 725 1538 1166116661,
752 1461 918 1546 principis
941 1461 1031 1527 inter
1055 1461 1237 1546 optimates
1260 1462 1388 1546 quibus

170 1577 275 1656 caput
302 1568 370 1636 fuit
397 1569 576 1653 demptum
610 1566 721 1644 filius,
754 1567 901 1634 Galliam
930 1567 1117 1656 transfugit
1147 1586 1226 1634 cum
1256 1568 1387 1655 Regina

169 1677 347 1764 Regisque
359 1675 535 1742 fratribus.
548 1674 602 1740 Ad
613 1674 742 1739 bellum
758 1673 885 1739 iterum
900 1674 1185 1758 promovendum,
1202 1675 1388 1742 utilitatem

168 1784 263 1868 capit
278 1802 320 1849 ex
334 1782 508 1866 imperitia
524 1781 641 1868 Regis,
659 1781 717 1863 qui
734 1781 832 1867 regni
847 1779 933 1846 fines
949 1799 967 1847 a
983 1781 1262 1867 populationibus
1277 1782 1388 1848 Scoto-

167 1907 250 1956 rum
265 1907 338 1957 non
352 1888 515 1968 defendit,
533 1893 566 1954 et
585 1887 703 1954 Galliae
723 1887 916 1972 provincias
932 1888 997 1954 suh
1012 1887 1138 1974 jugum
1154 1888 1386 1955 britannicum

168 1997 335 2064 subactas
349 1996 507 2080 Philippo
530 1992 719 2061 Valesiensi
744 2011 783 2060 ea
803 1994 998 2061 conditione
1019 1994 1124 2061 tradit
1147 1997 1185 2061 ut
1208 2013 1271 2061 nec
1289 1995 1385 2061 auxi-

165 2103 273 2181 lium,
295 2120 359 2169 nec
378 2101 481 2168 etiam
506 2100 705 2186 perfugium
731 2100 938 2167 Britannicae
961 2101 1102 2190 reginae,
1128 2101 1239 2186 ipsius
1263 2101 1384 2180 sorori,

165 2209 383 2294 praebiturus
411 2209 467 2274 sit.
493 2207 682 2273 Mortimeri
706 2205 798 2274 filius
827 2207 863 2273 in
887 2206 1007 2294 fugam
1032 2208 1168 2296 regium
1198 2208 1386 2274 exercitum

165 2316 288 2395 vertit,
304 2321 339 2382 61
353 2333 412 2380 rex
428 2314 509 2402 fuga
525 2314 673 2380 salntem
689 2313 818 2380 invitus
834 2317 964 2399 petens,
982 2313 1078 2380 abdit
1097 2333 1133 2380 se
1149 2313 1239 2380 intra
1253 2331 1389 2380 monas-

165 2423 249 2490 terii
264 2422 406 2488 moenia.
422 2423 516 2488 Tunc
532 2418 645 2488 abbati
664 2422 816 2487 dolorem
836 2425 870 2488 et
888 2421 1063 2488 cruciatus
1081 2421 1189 2488 animi
1213 2421 1267 2487 sui
1282 2420 1387 2488 confi·

165 2533 276 2596 tetur.
307 2529 407 2595 Hunc
435 2528 548 2594 locum
575 2526 738 2594 Alfredns
764 2528 930 2594 Mezierus
954 2527 1254 2608 commemoravit,
1279 2546 1387 2613 quum

164 2636 324 2703 ostendit
338 2636 510 2721 picturam
520 2652 687 2701 sensuum
703 2635 739 2700 in
753 2634 868 2702 animo
881 2635 1019 2720 penitus
1031 2635 1300 2716 reconditorum,
1313 2653 1390 2719 quae

163 2760 352 2809 summum
368 2741 513 2808 scenicae
528 2741 612 2807 artis
627 2742 841 2826 propositum
857 2746 921 2819 est,
943 2759 1012 2807 non
1036 2743 1107 2807 tam
1131 2741 1286 2808 absolute
1305 2743 1392 2808 Mar·

163 2844 718 2932 1661166661666661616666666
735 2866 789 2914 res
807 2866 825 2914 a
845 2847 1055 2933 quibusdam
1076 2851 1270 2915 asseverata
1290 2848 1366 2914 fuit.

216 3044 230 3075 α
262 3021 323 3082 Lui
350 3021 412 3102 661,
433 3020 548 3083 n’aime
577 3040 638 3102 que
667 3022 695 3083 16
721 3040 815 3103 repos
844 3032 875 3083 61
901 3023 929 3084 16
957 3022 1079 3102 plaisir,
1107 3022 1210 3104 inquit
1241 3021 1389 3085 Alfredus

164 3119 348 3191 Mezierus‚
372 3119 396 3180 il
419 3127 468 3180 est
495 3117 581 3181 16666
604 3118 641 3181 (16
661 3119 797 3200 prendre
820 3121 866 3181 les
890 3139 996 3182 armes
1009 3142 1018 3196 ;
1043 3123 1165 3202 malgre
1190 3140 1227 3183 sa
1249 3121 1389 3183 douceur

164 3218 341 3296 naturalle,
358 3219 405 3279 les
419 3222 624 3280 6666666616
644 3217 806 3298 l’obligent
824 3223 844 3278 6
863 3216 1389 3299 166666666666666616666666-

165 3316 249 3388 mis,
271 3334 348 3378 sans
365 3315 442 3396 qu'il
464 3315 509 3376 611
531 3316 562 3376 16
579 3315 778 3377 consolation
803 3315 924 3378 d’avoir
945 3317 1055 3379 achate
1080 3336 1117 3378 sa
1136 3317 1329 3398 tranquillite
1347 3337 1388 3380 66

164 3414 248 3497 prix
272 3413 310 3475 de
333 3433 369 3476 66
393 3412 496 3494 grand
520 3415 646 3475 611661...
676 3413 837 3493 Quelques
863 3433 937 3476 6666
961 3413 1163 3496 frappants...
1185 3415 1298 3494 jettont
1325 3435 1388 3478 une

165 3512 248 3573 vive
270 3511 403 3597 1661666
427 3530 484 3573 666
506 3511 554 3573 166
579 3510 813 3573 (1661616666616
836 3512 1008 3574 1616616666
1030 3512 1124 3594 d'une
1147 3518 1220 3575 666
1242 3511 1335 3576 faible
1358 3522 1390 3576 61

166 3608 315 3672 troubles
330 3606 341 3640 ²
359 3631 366 3671 ε

293 3743 421 3821 Father‚
438 3742 543 3823 inquit
557 3744 629 3806 Rex
644 3744 767 3824 Abbati,
782 3747 837 3825 thy
852 3744 919 3807 1666
934 3744 1047 3806 should
1062 3744 1203 3807 harbour
1218 3763 1260 3806 no
1276 3743 1386 3808 (166611.

295 3840 341 3900 01
357 3840 450 3902 hadst
464 3841 540 3903 thou
556 3862 631 3903 ever
642 3842 723 3905 been
738 3863 757 3905 a
769 3843 859 3924 king,
874 3844 930 3922 thy
944 3843 1047 3912 beart,

294 3937 424 4000 Pierced
438 3938 549 4021 deeply
562 3941 640 4001 with
654 3940 696 4019 [a]
711 3961 806 4004 sense
821 3940 855 4002 of
866 3962 919 4020 my
933 3940 1079 4019 (11616666,

297 4034 395 4097 Could
410 4045 466 4098 not
479 4037 532 4100 but
548 4039 620 4100 take
635 4040 838 4119 compassion
854 4038 888 4100 of
901 4058 954 4117 my
970 4045 1060 4099 state.

298 4133 415 4213 Stataly
430 4134 492 4196 and
507 4135 618 4216 proud‚
637 4136 671 4196 in
687 4137 791 4198 riches
804 4136 866 4198 and
881 4137 917 4197 in
928 4135 1025 4208 16616,

295 4230 463 4293 Whiloml
478 4253 558 4306 was,
575 4232 741 4314 powerful,
757 4233 820 4295 and
835 4232 890 4294 full
905 4230 940 4293 of
951 4252 1046 4314 pomp
1061 4253 1067 4293 :

296 4329 359 4390 But
370 4331 457 4393 what
470 4331 499 4392 is
513 4332 554 4393 hc
568 4332 675 4393 whom
691 4333 759 4393 6616
775 4332 838 4394 and
851 4350 982 4413 empery

297 4427 385 4490 Η666
400 4439 455 4491 not
467 4428 501 4490 in
516 4428 568 4491 life
582 4448 620 4491 or
633 4429 726 4492 death
741 4429 832 4492 made
846 4428 1038 4491 miserable‘l

212 4659 220 4692 ¹
236 4654 334 4717 bullen,
348 4657 402 4709 661.
417 4659 449 4719 ll,
462 4673 492 4723 p.
510 4657 564 4708 180.
576 4684 608 4695 -
619 4658 676 4707 Act.
691 4658 733 4720 lll,
748 4657 789 4710 So.
805 4659 838 4708 11.

211 4735 467 4800 2ΑΜ6116666,166.
484 4739 530 4790 611.
545 4752 581 4803 pp
595 4737 709 4789 1116115.
804 4732 807 4740 ’
