3120 5474
682 482 839 546 ..20-

196 653 350 720 Britanni
381 671 419 719 eo
443 653 557 739 magis
586 653 731 738 inceptis
763 654 846 719 aleas
879 651 1081 736 periculosa
1110 652 1223 736 plenis
1261 652 1367 718 illecti

150 759 290 826 suerunt
312 759 415 844 quod,
437 759 565 826 summi
587 758 762 825 Pontificis
783 758 928 824 Romani
951 757 1137 841 imperium
1159 758 1366 837 recusanda,

149 866 248 932 valde
273 866 522 931 imminuerant
548 882 723 931 sacrorum
745 864 950 950 religionem
971 863 1118 947 juraque
1139 882 1259 928 rerum
1279 864 1369 930 divi-

150 990 274 1038 narum
295 990 371 1056 qum
392 971 463 1036 sola
482 970 673 1036 valuissent
691 969 734 1035 ad
753 969 867 1035 frenos
887 969 1091 1035 inconsultis
1108 968 1318 1053 injiciendos
1338 972 1371 1035 et

117 1144 124 1169 ‚
151 1078 192 1143 ad
208 1078 387 1142 audaciam
404 1078 622 1143 incensorum
641 1076 836 1142 animorum
854 1075 1093 1159 frangendam.
1107 1075 1170 1154 Qui
1183 1075 1304 1141 animo
1323 1075 1371 1141 ita

64 1151 137 1345 sla
150 1168 337 1285 compositp
353 1187 466 1257 crant,
485 1186 523 1247 ut
538 1183 616 1247 vitm
636 1201 707 1247 suan
723 1182 957 1268 gubernandae
978 1180 1148 1245 inhabiles
1167 1187 1303 1259 essent,
1336 1182 1372 1246 in

149 1289 280 1354 nullius
303 1289 524 1372 disciplinam
552 1287 787 1354 tradebantur.
815 1287 878 1367 Qui
909 1286 1159 1369 rempublicam
1184 1287 1370 1371 gerebant,

149 1394 227 1459 aliis
244 1394 400 1478 impediti
417 1393 577 1480 negotiis,
591 1410 809 1476 nequaquam
825 1392 921 1457 illam
938 1390 1158 1457 refrenabant
1172 1392 1370 1458 licentiam.

149 1505 321 1570 Novarum
353 1504 564 1590 religionum
593 1502 760 1580 studiosi,
795 1501 854 1585 qui
887 1502 1114 1566 Protectoots
1147 1498 1371 1576 dicebantur,

149 1611 292 1677 victoria
315 1610 413 1695 potiti
438 1611 547 1687 erant,
569 1608 722 1674 nondum
746 1610 862 1672 autem
887 1606 1088 1671 auctoritate
1115 1604 1157 1670 ad
1187 1622 1374 1670 summum

150 1710 1374 1801 imperiumgerendumnecessaria.Neopotestatemtenebantanullis

150 1823 315 1886 certatam
335 1838 409 1898 nec,
429 1824 466 1886 ut
486 1819 657 1904 posterius
672 1837 708 1884 se
727 1837 783 1884 res
799 1818 932 1894 hahuit,
958 1817 1116 1882 omnium
1139 1816 1277 1881 animos
1302 1816 1373 1882 sibi

150 1925 428 1992 conciliaverant.
449 1925 523 1989 Non
544 1923 587 1987 iis
607 1922 757 1987 liberum
777 1925 913 2006 tempus
933 1922 1051 1987 datum
1073 1920 1186 1988 fuerat
1207 1921 1251 1987 ad
1274 1921 1373 2008 leges

149 2028 319 2107 ferendas
337 2030 378 2097 ad
398 2029 650 2113 rempublicam
671 2028 718 2094 ita
738 2028 1014 2093 constituendam
1030 2031 1069 2093 ut
1088 2046 1127 2093 ea
1148 2046 1226 2112 quae
1251 2028 1371 2095 obsta-

149 2136 232 2202 bant
242 2138 454 2220 superarent,
469 2137 501 2199 et
512 2153 569 2199 eos
579 2134 638 2218 qui
653 2134 828 2200 discordes
839 2137 936 2199 erant
950 2133 1224 2220 subigerentsub
1238 2132 1371 2221 jugum

149 2246 334 2326 antequam
351 2241 443 2307 noxii
459 2240 705 2324 metuendique
720 2237 800 2304 sacti
816 2241 943 2304 essent.

194 2346 372 2411 Elisabeth
387 2347 428 2437 in*
443 2345 507 2411 hae
525 2363 562 2410 re
581 2347 663 2410 tunc
678 2344 864 2410 laborabat.
886 2344 952 2410 Sed
971 2346 1075 2411 tantae
1095 2343 1200 2410 molis
1217 2363 1275 2411 res
1292 2349 1369 2413 erat

149 2452 304 2537 tantique
322 2451 483 2535 periculi,
506 2451 545 2515 ut
565 2450 637 2516 haec
654 2449 792 2536 regina,
812 2450 972 2535 quamvis
996 2450 1136 2536 ingenio
1160 2450 1255 2517 virili
1280 2471 1369 2537 prae-

149 2557 236 2634 dita,
267 2557 418 2622 laborem
446 2555 593 2642 augendi
617 2573 686 2620 non
713 2555 856 2639 cupiens
880 2558 986 2633 esset,
1017 2574 1272 2640 supervacanea
1298 2559 1366 2624 sibi

149 2663 350 2729 concitando
361 2661 619 2745 impedimenta.
632 2661 680 2727 Re
692 2660 827 2744 publica
843 2664 876 2726 et
886 2661 1134 2727 certaminibus
1149 2680 1211 2746 pro
1226 2663 1368 2750 religio

149 2768 253 2834 nibus
274 2767 347 2833 suis
366 2767 551 2851 susceptis,
569 2766 682 2851 magis
698 2765 928 2832 distinebatur
943 2785 1048 2850 quam
1068 2768 1107 2832 ut
1121 2770 1368 2836 controversiae

149 2872 274 2939 litteris
302 2872 517 2938 eruditorum
550 2872 581 2937 ei
611 2889 747 2958 magnae
775 2890 867 2937 curae
895 2875 1022 2938 essent.
1055 2873 1130 2938 Non
1162 2872 1365 2959 ignorabat,

148 2978 322 3064 prioribus
345 2977 484 3056 solutis,
511 2977 717 3062 posteriores
737 2977 845 3043 nodos
869 2994 974 3061 parvo
997 2976 1113 3044 labore
1132 2980 1369 3063 expediendos

149 3102 236 3162 esse,
253 3086 287 3150 et
305 3083 406 3150 abiis
425 3084 510 3168 ipsis
525 3082 583 3168 qui
610 3084 672 3148 hos
688 3084 890 3148 nexuerant.
907 3083 1071 3164 Quamvis
1095 3101 1164 3149 non
1187 3084 1368 3153 incuriosa

149 3192 238 3255 esset
259 3189 571 3257 controversiarum
590 3188 742 3266 illarum,
760 3187 957 3273 saepiusque
980 3188 1128 3273 aperiret
1152 3192 1367 3259 sententiam

148 3314 260 3374 suam,
277 3295 480 3380 plerumque
501 3294 732 3379 plurimorum
748 3293 901 3378 opinioni
916 3294 1110 3372 adversam,
1126 3296 1282 3362 attamen
1299 3297 1367 3365 sub

147 3401 284 3468 vincula
303 3401 391 3488 legis
410 3401 589 3468 acerrimae
607 3418 671 3466 nee
686 3417 843 3479 scenam,
865 3417 929 3466 nec
949 3399 1055 3465 libros
1074 3399 1238 3485 conjecit,
1259 3401 1367 3470 dum-

147 3507 249 3573 modo
264 3506 289 3571 ii
303 3506 363 3592 qui
379 3506 575 3572 scribebant
589 3523 652 3572 nec
672 3505 887 3590 reipublicae,
906 3522 971 3572 nec
985 3505 1214 3592 religionibus
1234 3507 1368 3577 infensi

148 3614 274 3678 essent.

192 3719 305 3781 Donec
320 3715 503 3781 Britannos
518 3715 695 3782 Elisabeth
715 3715 815 3793 rexit,
838 3716 1064 3800 scriptoribus
1087 3717 1248 3804 contigit,
1269 3723 1368 3805 quod

146 3822 296 3888 multum
308 3821 432 3886 litteris
443 3820 581 3904 profuit,
594 3821 708 3887 uttuti
719 3821 1207 3910 essentahinvidiaetjurgiis
1219 3824 1366 3908 quibus,

146 3928 272 3994 saeculo
287 3929 460 4011 sequente,
478 3928 599 3992 Petrus
614 3927 790 3993 Cornelius
803 3929 898 3994 tanta
916 3946 996 3994 eum
1011 3927 1136 4013 injuria
1152 3947 1172 3994 a
1186 3929 1368 4000 Richeloeo

148 4030 350 4119 (Richelieu)
369 4031 548 4098 lacessitus
568 4031 645 4097 suit.
662 4032 708 4097 Iis
728 4032 855 4099 melius
875 4034 989 4099 evenit
1007 4052 1113 4118 quam
1132 4034 1238 4100 Gallis
1255 4037 1367 4124 scrip

144 4137 298 4214 toribus;
315 4138 422 4202 nullis
438 4140 695 4225 impedimentis
710 4143 848 4209 inhibiti
863 4143 1003 4209 fuerunt
1018 4143 1204 4228 quominus
1219 4162 1366 4213 scenam

145 4239 365 4307 instituerent
386 4244 506 4326 patriis
532 4245 689 4311 moribus
713 4245 921 4332 ingenioque
945 4250 1205 4333 congruentem.
1230 4250 1364 4319 Drama

144 4362 273 4412 novum
298 4347 456 4413 effectum
480 4349 546 4417 fuit
570 4350 604 4417 vi
630 4352 815 4435 spontanea
843 4355 878 4418 et
900 4370 1002 4437 opere
1025 4353 1132 4420 libero
1154 4372 1274 4421 eorum
1299 4359 1364 4442 qui

144 4448 277 4516 fabulas
296 4453 508 4538 scripserunt
523 4458 557 4521 et
574 4455 656 4521 totis
671 4455 859 4523 virtutibus
878 4457 1035 4524 animum
1050 4458 1087 4525 in
1107 4459 1196 4526 hanc
1211 4479 1288 4526 rem
1310 4461 1365 4529 in-

144 4557 340 4625 tenderunt.

187 4662 407 4748 Rogaverunt
421 4665 575 4751 quidam,
592 4668 626 4733 et
639 4684 732 4733 nunc
746 4668 971 4751 quaerendum
983 4672 1035 4736 est
1045 4672 1177 4753 utrum,
1189 4675 1229 4738 ut
1239 4670 1362 4744 serunt

143 4769 317 4850 nonnulli,
339 4771 459 4838 drama
474 4789 637 4840 novume
656 4774 828 4860 Mysteriis
847 4774 1090 4862 Miracullsque
1109 4777 1200 4844 flexu
1222 4781 1364 4851 naturae
