3120 5474
684 391 862 456 -118-

168 577 327 666 legebant
341 574 536 660 scriptores.
554 568 693 637 Litteris
706 566 831 634 eruditi
842 565 901 651 qui
918 564 1051 631 fabulas
1065 562 1234 629 docebant
1248 565 1282 627 et
1296 580 1371 647 quo·

168 704 246 752 rum
275 682 458 750 Marlovius
482 697 561 765 pars
585 677 666 757 luit,
697 693 715 741 e
743 673 835 740 fonte
859 673 918 739 illo
946 671 1055 739 multa
1082 674 1323 755 sumpserunt,
1346 675 1375 735 et

167 792 329 858 videntur
356 788 455 856 valde
478 784 690 852 admiratum
714 799 788 847 esse
812 784 845 848 et
869 780 995 867 legisse
1023 778 1269 846 celeberrimos
1293 777 1377 842 inter

168 901 285 985 poetas
305 895 449 984 gallicos
468 893 619 978 aequales
636 891 748 958 aetatis
767 907 844 975 quae
863 887 1049 956 Renovatio
1067 885 1267 953 litterarum
1285 902 1379 951 voca-

170 1011 238 1084 tur,
252 1007 286 1072 et
301 1022 355 1070 res
371 1019 440 1069 non
454 1000 613 1068 miranda
629 1002 691 1078 est,
709 999 752 1064 iis
763 997 855 1064 'enim
872 995 1011 1084 ingenIo
1025 994 1145 1061 affines
1161 997 1195 1059 et
1210 992 1381 1060 simillimi

67 1144 71 1152 ·
170 1115 305 1180 erant¹.

215 1219 353 1286 Fabulae
368 1217 535 1304 scrIptum
551 1215 643 1304 typis
661 1214 864 1282 mandatum
884 1230 953 1279 non
975 1211 1068 1279 idem
1083 1214 1135 1278 est
1155 1229 1194 1278 ao
1215 1211 1386 1298 scriptum

172 1327 296 1394 fabulae
325 1326 362 1391 ln
391 1342 528 1392 scenam
553 1323 714 1390 Inductae.
740 1320 1002 1408 Typographus,
1027 1321 1213 1404 antequam
1238 1338 1328 1405 opus
1352 1319 1387 1385 in

171 1436 298 1522 vulgus
322 1432 505 1511 emitteret,
527 1430 689 1497 scurriles
710 1447 830 1495 scenas
849 1427 983 1494 recidIt.
1006 1428 1074 1492 Has
1093 1425 1243 1492 dramati
1263 1427 1388 1493 llarlo-

172 1541 262 1618 vius,
280 1540 355 1607 sine
375 1539 492 1616 dubio,
515 1537 660 1604 scenicis
681 1534 889 1621 petentibus
910 1535 1173 1619 interposuerat,
1195 1534 1262 1612 vel,
1287 1533 1386 1609 forte,

173 1668 192 1716 a
208 1648 354 1715 scenicis
369 1647 455 1732 ipsis
470 1645 610 1731 adjectae
625 1643 772 1722 fuerant,
786 1646 824 1710 ut
839 1660 912 1708 rem
928 1641 1229 1710 accommodarent
1244 1642 1391 1708 auribus

173 1755 420 1835 multitudinis,
440 1772 517 1839 quae
531 1752 645 1820 fabula
660 1771 729 1820 non
744 1750 987 1828 delectabatur,
1004 1748 1073 1815 nIsi
1090 1749 1224 1815 mimici
1242 1752 1276 1815 et
1290 1751 1390 1815 inur-

174 1863 254 1930 bani
267 1862 336 1949 joci
351 1861 489 1929 casibus
503 1859 646 1947 tragicis
659 1859 760 1926 mixti
775 1859 932 1926 fulssent.
947 1856 1206 1943 Typographus,
1218 1857 1392 1923 Ricardus

174 1973 322 2040 Joannes
356 1968 526 2056 (Richard
553 1967 673 2055 lones)
703 1986 741 2034 eo
774 1966 875 2034 modo
904 1966 1073 2033 rationem
1106 1965 1154 2030 rei
1185 1964 1322 2042 reddit,
1355 1964 1390 2029 in

175 2078 340 2166 proaemio
353 2096 416 2144 suo
431 2076 618 2162 inscripto:
636 2080 682 2144 To
699 2077 756 2143 the
768 2073 1158 2145 Genucium-Rectam
1169 2073 1246 2138 ond
1259 2073 1393 2142 Others

177 2187 356 2253 thottolee
369 2186 541 2269 pteosure
558 2186 598 2251 tn
620 2185 790 2270 Reodtnp
811 2184 1002 2261 Hectoreas,
1026 2184 1209 2267 postquam
1234 2178 1390 2245 fabulam
1416 2254 1422 2266 y

177 2310 322 2380 magnos
338 2291 486 2358 mousse
502 2291 643 2377 plausus
659 2290 858 2358 declaravit

221 2454 234 2483 ‹
252 2432 309 2510 My
323 2431 406 2511 hope
422 2429 462 2508 is,
478 2430 545 2491 that
557 2430 630 2508 they
646 2427 709 2508 (the
719 2437 783 2491 two
793 2428 925 2509 tragical
936 2427 1117 2489 discourses
1129 2425 1163 2489 os
1173 2427 1226 2487 the
1238 2427 1395 2506 Scythian

179 2528 338 2610 shepherd
358 2526 599 2600 Tamburlainel
620 2528 687 2589 will
707 2527 744 2589 be
766 2546 840 2588 now
855 2545 897 2588 no
917 2527 981 2588 less
1000 2524 1176 2606 acceptable
1197 2535 1274 2586 unto
1289 2544 1395 2604 you...

179 2628 256 2688 than
272 2628 345 2706 they
368 2627 450 2688 have
464 2625 542 2688 been
564 2624 658 2706 lateiy
677 2625 855 2708 deliphtsal
869 2623 917 2687 for
932 2645 1029 2704 many
1046 2622 1080 2686 of
1095 2642 1158 2704 you
1178 2631 1210 2685 to
1230 2643 1283 2685 see
1297 2624 1397 2685 when

120 2806 122 2810 y
179 2726 231 2787 the
247 2739 335 2787 same
350 2744 436 2786 were
451 2723 580 2786 shewed
595 2725 629 2785 in
645 2724 779 2787 London
795 2743 880 2806 upon
896 2733 1014 2805 stages,
1034 2747 1047 2777 s

224 2855 268 2921 Et
282 2854 451 2921 Ricardus
465 2856 483 2922 J
486 2874 614 2922 oannes
629 2855 725 2922 addit
742 2876 750 2920 :

222 3011 236 3043 a
256 2989 367 3051 lhave
384 2991 554 3072 purposely
578 2989 706 3052 omitted
725 2989 788 3052 and
807 2988 860 3052 leit
874 2996 929 3051 out
943 3007 1032 3051 some
1056 2987 1130 3050 fond
1152 2989 1215 3050 and
1239 2987 1398 3052 frivolous

179 3095 338 3169 gestures,
361 3088 555 3170 digressing‚
576 3089 650 3166 and,
670 3089 704 3150 in
725 3110 778 3168 my
800 3108 878 3170 poor
903 3089 1045 3169 opinion,
1067 3085 1114 3148 Iar
1130 3096 1259 3148 unmeet
1278 3086 1328 3148 for
1344 3090 1398 3150 the

180 3194 305 3260 matter,
320 3188 426 3250 which
440 3190 453 3248 l
470 3190 604 3270 thought
619 3188 720 3269 might
735 3206 820 3249 seem
836 3206 926 3249 more
940 3186 1063 3248 tedicus
1075 3194 1151 3247 unto
1162 3188 1215 3247 the
1225 3186 1304 3248 wisc
1315 3189 1397 3248 than

180 3305 243 3365 any
261 3305 334 3366 way
357 3287 422 3347 else
437 3293 468 3347 to
487 3286 525 3349 be
546 3286 710 3368 regarded,
732 3287 853 3366 though
868 3286 963 3367 haply
980 3287 1053 3365 they
1067 3286 1148 3346 have
1162 3284 1241 3346 been
1257 3285 1293 3346 ol
1303 3305 1397 3347 some

179 3384 255 3446 vain
273 3383 434 3445 conceited
458 3383 620 3464 fondlings
643 3385 765 3464 greatly
788 3383 889 3464 gaped
917 3393 962 3461 at,
988 3384 1076 3445 what
1103 3383 1179 3474 time
1205 3384 1280 3462 they
1307 3404 1397 3445 were

211 3560 219 3595 ¹
235 3560 311 3611 Unus
322 3573 355 3611 ex
368 3560 431 3621 illis,
443 3560 559 3611 Thomas
574 3560 699 3624 Lodgius‚
714 3572 769 3611 non
783 3560 872 3611 solum
885 3559 1031 3625 scriptores
1041 3560 1152 3624 gallicos
1165 3559 1238 3621 legit,
1247 3560 1295 3610 sed
1311 3561 1397 3612 etiarn

179 3640 208 3691 iu
228 3640 361 3691 Gallicum
379 3641 532 3706 composuit
551 3644 578 3692 et
595 3641 624 3691 in
637 3640 725 3692 Ironte
740 3641 823 3692 libelli
848 3640 899 3690 The
919 3641 1041 3705 Spanisb
1059 3641 1235 3704 Maspoerade
1258 3639 1398 3707 insorIpti,

179 3733 261 3784 quem
286 3720 406 3771 Greenus
430 3721 525 3782 edidit,
547 3722 696 3787 praeposuit
714 3721 765 3772 hoc
787 3725 934 3772 venustum
962 3734 1088 3783 carmen,
1110 3721 1182 3785 quod
1211 3734 1228 3772 a
1255 3721 1400 3773 Ronsardo

181 3800 330 3866 (Ronsardl,
351 3801 450 3852 Bellaio
470 3802 517 3866 (du
539 3803 637 3867 Bellay)
655 3803 698 3854 vel
713 3802 788 3853 Bailo
809 3802 883 3866 (Bais)
906 3801 1040 3853 subscribi
1063 3802 1205 3867 potuisset,
1226 3801 1249 3853 si
1268 3803 1399 3868 quaedam

180 3880 311 3932 orationis
326 3882 431 3932 mendae
446 3888 600 3948 expurgatae
617 3887 718 3935 essent.

382 3999 393 4027 ι
410 3981 444 4033 Le
459 3982 531 4033 doux
546 3983 620 4033 Babil
635 3983 668 4034 de
682 3983 792 4034 ma'lire
806 3983 918 4034 d'ivoire

382 4061 462 4132 Serra
475 4063 523 4111 ton
534 4060 609 4112 Iront
620 4062 684 4112 d’un
697 4062 799 4113 lauricr
813 4062 966 4114 verdissant
980 4077 986 4112 ε

381 4142 481 4192 Denta
498 4143 551 4193 bon
566 4143 638 4194 droit
648 4145 676 4209 je
692 4146 720 4194 te
734 4158 784 4209 voy
793 4145 938 4210 jouissant‚

381 4222 452 4287 (ltlon
464 4223 535 4274 doux
549 4224 624 4288 ami).
636 4224 791 4276 EternIsant
801 4230 830 4277 ta
842 4227 937 4290 gloire,

382 4304 440 4355 Ton
454 4317 529 4365 nom,
543 4305 616 4368 (mon
629 4304 755 4371 Greenee)
765 4306 857 4358 anime
871 4320 921 4372 par
935 4320 992 4358 mes
1007 4319 1068 4359 vers

381 4383 492 4435 AbaIsse
503 4385 566 4436 l’oeil
580 4386 693 4450 degens
707 4386 849 4438 seditieux.

384 4466 424 4516 Tu
438 4466 471 4516 de
486 4467 584 4517 mortel
596 4480 625 4517 es
636 4480 806 4532 compagnon
818 4470 851 4520 de
865 4468 969 4520 Dieux:
1079 4486 1080 4490 ¹

384 4545 498 4599 N’estce
511 4546 589 4612 point
599 4549 686 4612 grand
701 4547 775 4612 loyer
786 4549 855 4601 dans
867 4549 1017 4601 l’universt

848 4648 858 4677 ι
877 4631 963 4697 Ignoti
976 4629 1052 4682 nulla
1064 4629 1172 4694 cupido.

987 4729 997 4759 ι
1016 4711 1119 4762 Tuouss
1131 4710 1225 4760 Loocs.
1244 4727 1254 4756 ι

215 4771 292 4838 (Dyce
307 4769 431 4826 Greene’s
442 4773 541 4838 works,
554 4772 607 4826 vol.
621 4773 645 4838 I,
657 4787 683 4841 p.
697 4772 853 4840 XXXVIII.)
