3120 5474
162 93 306 160 cunctis
331 95 535 174 colerentur,
563 94 591 160 si
616 96 863 179 paulummodo
887 114 954 181 pax
979 99 1012 162 et
1032 96 1126 182 leges
1150 96 1186 162 16
1211 97 1384 183 republica

163 199 342 287 vigerent,
361 204 551 285 spectantes
567 220 635 267 non
646 200 876 282 terrebantur,
892 202 1076 268 identidem
1092 203 1196 269 etiam
1211 203 1254 270 (16
1268 223 1305 269 66
1316 204 1385 271 laeti

165 310 285 374 erant.
315 307 482 373 Homines
502 308 611 384 enim,
630 326 737 391 quum
755 308 1037 373 aconsuetudine
1052 328 1114 374 sua
1133 310 1288 375 distracti
1305 314 1386 375 sunt

165 429 270 477 verso
295 430 434 478 morum
452 416 484 477 et
501 413 651 479 civitatis
672 416 775 491 statu,
803 432 857 478 666
878 414 1071 480 inconsulte
1086 418 1201 500 gestas
1217 419 1335 481 amant
1353 418 1386 480 et

168 522 343 601 quaerunt.
370 519 512 602 Sperant
538 519 676 603 eosqui
703 520 868 585 audacius
892 537 946 584 res
975 519 1228 605 aggrediuntur
1256 526 1288 586 et
1308 540 1385 605 per-

168 623 331 706 quirunt,
365 625 579 690 detracturos
607 644 682 690 6666
712 626 787 690 vela
816 643 893 709 quae
926 642 1043 690 rerum
1076 626 1183 690 nodos
1212 629 1245 691 ct
1273 626 1386 692 exitus

168 728 344 794 occultant
373 735 406 794 61
437 748 514 812 666
546 732 654 796 latent
682 731 815 809 abdite,
847 732 883 796 in
920 732 1038 798 lumen
1077 735 1269 817 prolaturos
1297 754 1383 801 6666.

168 835 316 913 Pariter,
334 836 523 921 eademque
534 856 648 915 causa,
666 856 775 920 quum
791 837 946 922 plerique
962 839 1146 923 scriptores
1161 839 1246 906 falso
1261 860 1386 926 genere

168 940 262 1025 quod
277 941 531 1025 Empbuismus
554 943 682 1009 dicitur
706 943 837 1027 decepti
862 943 1012 1021 luerunt,
1031 943 1094 1010 hoc
1119 945 1246 1011 mentis
1271 965 1386 1013 errore

168 1046 299 1132 vulgus
328 1050 530 1132 corruptum
554 1047 630 1115 fuit.
662 1049 948 1115 Ambitiosamet
975 1050 1081 1115 616116
1112 1051 1319 1136 exquisitam
1348 1053 1383 1118 in

169 1153 354 1219 scribendo
370 1152 571 1238 jactantiam
596 1174 673 1239 666
696 1155 903 1239 praevalebat
921 1156 1012 1239 apud
1040 1157 1142 1222 Italos
1166 1157 1384 1224 existimabat

170 1258 380 1324 urbanitatis
404 1262 438 1325 et
461 1260 587 1345 leporis
613 1279 791 1327 summum
821 1280 909 1326 esse.
940 1261 1004 1342 Qui
1033 1261 1166 1329 fabulas
1191 1263 1386 1330 scribebant

169 1363 260 1431 votis
280 1363 503 1449 opinionique
527 1366 644 1450 populi
673 1366 802 1432 arctius
832 1367 946 1433 adhuc
974 1368 1247 1452 respondebant,
1277 1389 1385 1454 quum
1449 1455 1453 1461 ἡ

170 1468 205 1535 16
223 1488 366 1536 scenam
385 1471 612 1537 transferrent
630 1472 844 1557 palpitantia,
862 1475 901 1538 ut
914 1472 960 1538 ita
976 1473 1102 1553 dicam,
1120 1477 1153 1541 61
1171 1494 1271 1541 66666
1286 1477 1388 1541 mise-

169 1576 299 1642 rabiles
319 1579 353 1642 et
368 1574 531 1658 facinora,
552 1578 747 1663 fabulisque
767 1577 871 1664 hujus
895 1580 1033 1664 generis
1058 1594 1184 1664 pravas
1206 1582 1387 1667 cupidines

168 1682 312 1749 videndi
331 1684 365 1747 61
380 1683 609 1769 cognoscendi
624 1700 680 1747 res
695 1686 827 1748 atroces
842 1682 1019 1759 satiarent.

214 1787 352 1855 Clarius
371 1789 511 1855 taudem
532 1787 665 1855 videbis
687 1788 814 1872 quibus
833 1788 982 1854 vinculis
1002 1788 1143 1869 61616116,
1167 1791 1294 1875 quibus
1310 1809 1387 1858 sen-

169 1893 269 1960 sibus
303 1894 679 1961 alte'convenicntibus
707 1894 732 1959 ii
762 1894 821 1977 qui
851 1894 971 1960 drama
1001 1895 1199 1962 scribebant
1230 1897 1300 1964 illis
1329 1898 1388 1983 qui

169 1999 312 2065 assidue
336 2000 372 2064 in
396 2000 529 2066 theatra
547 1999 731 2067 veniebant
750 1997 862 2083 juncti
888 1999 1039 2079 luerunt,
1067 2000 1095 2064 si
1114 2000 1299 2087 diligenter
1316 2003 1388 2068 ins-

171 2106 310 2190 pexeris
337 2106 509 2190 quomodo
540 2106 674 2190 priores
711 2107 846 2171 aetatem
884 2123 984 2172 suam
1012 2109 1174 2192 agerent,
1205 2112 1238 2174 61
1268 2110 1389 2194 666611

171 2209 306 2277 1666161
320 2211 488 2278 momenti
504 2212 629 2279 modus
653 2210 791 2279 vivendi
815 2229 998 2295 moresque
1022 2229 1141 2280 eorum
1157 2232 1266 2299 quum
1288 2233 1389 2299 opera

172 2317 379 2384 scriberent.

216 2550 479 2630 (Ρ6666661666,
492 2550 739 2631 166611Τ61666,
752 2558 825 2612 sont
835 2550 890 2613 des
900 2550 1051 2613 bohemus
1063 2555 1122 2613 nes
1132 2551 1212 2614 dans
1222 2553 1250 2612 16
1265 2554 1389 2633 peuple,

172 2647 324 2709 instruits
344 2654 553 2728 pourtant,et
571 2649 600 2709 16
618 2649 690 2729 plus
710 2659 846 2710 6666661
864 2650 969 2711 eleves
988 2646 1144 2709 d’Oxiord
1163 2667 1204 2711 66
1233 2649 1270 2710 (16
1295 2649 1391 2710 Cam-

173 2744 298 2824 bridge,
319 2744 401 2807 mais
422 2765 570 2825 6666666,
596 2765 636 2808 66
660 2753 746 2807 66616
769 2767 830 2826 666
855 2748 924 2807 1666
947 2745 1113 2807 education
1136 2754 1295 2808 contraste
1314 2767 1391 2810 avec

173 2844 247 2904 1666
271 2846 372 2904 6161...
399 2843 571 2922 Beaucoup
596 2850 669 2904 sont
690 2841 745 2904 des
760 2843 901 2918 6166666,
922 2841 978 2905 (166
997 2843 1126 2904 6166666
1144 2843 1262 2920 tristes,
1286 2853 1390 2906 sortes

175 2939 216 3001 (16
231 2941 357 3001 Μ66661
369 2947 399 3001 61
413 2938 450 3001 de
466 2941 600 3020 Miirger
614 2940 668 3020 qui
679 2938 932 3002 s’abandonnent
942 2948 972 3002 61
982 2939 1233 3016 s'etourdissent,
1245 2940 1390 3020 capables

175 3030 233 3098 (166
249 3043 341 3098 reves
357 3039 403 3098 les
423 3039 494 3117 plus
509 3037 673 3118 poetiques
692 3044 723 3098 61
742 3039 788 3098 166
812 3040 884 3118 plus
908 3058 997 3119 purs‚
1019 3036 1074 3099 des
1094 3037 1390 3100 attendrissements

175 3135 224 3195 les
240 3136 311 3214 plus
327 3133 457 3196 delicats
472 3142 503 3196 61
525 3136 571 3196 166
596 3136 669 3216 plus
692 3135 872 3214 touchants,
894 3145 924 3198 et
939 3136 992 3215 qui
1013 3135 1203 3197 6666166166
1220 3155 1259 3197 66
1279 3143 1391 3197 666661

175 3250 240 3311 666
265 3230 371 3292 161666
394 3232 464 3292 1666
488 3237 578 3294 sante
592 3240 623 3295 et
644 3239 736 3312 gater
750 3235 820 3295 leur
837 3233 950 3312 gloire.
967 3235 1041 3294 Τ616
1061 3241 1134 3295 6661
1149 3234 1251 3306 Nash,
1267 3235 1391 3296 Declrer

175 3335 209 3390 61
224 3328 368 3403 (166666;
386 3329 488 3406 Nash,
506 3330 660 3409 satirique
681 3329 858 3391 fantaisiste
882 3330 935 3410 qui
962 3353 975 3383 ι
1001 3331 1101 3391 abusa
1117 3331 1231 3392 deson
1250 3333 1348 3393 talant
1362 3338 1392 3392 61

175 3427 329 3506 conspira
344 3445 384 3486 66
397 3425 551 3506 prodigus
566 3436 676 3488 666166
692 3430 738 3489 166
753 3428 875 3490 bonnas
887 3428 1024 3502 haures3
1043 3451 1057 3482 ³>
1075 3430 1209 3506 Becker,
1227 3429 1281 3509 qui
1295 3449 1392 3509 passa

174 3524 257 3585 trois
272 3543 332 3584 666
348 3522 428 3584 dans
444 3525 474 3584 16
489 3523 600 3604 prison
615 3523 657 3586 du
672 3526 762 3585 Banc
776 3525 817 3586 (16
833 3525 915 3600 Roi;
930 3525 1056 3586 Greene
1071 3532 1207 3598 surtout,
1223 3525 1391 3587 charmant

173 3619 287 3700 asprit‚
308 3619 405 3698 616116,
421 3622 584 3699 gracieux,
601 3621 655 3700 qui
675 3640 710 3682 se
733 3619 834 3702 perdit
852 3627 872 3681 a
891 3622 1012 3702 plaisir,
1036 3620 1219 3683 confessant
1238 3641 1290 3683 ses
1305 3623 1391 3683 vices

173 3716 416 3797 publiquement
428 3735 504 3778 avec
521 3715 576 3778 des
591 3719 718 3795 larmes,
740 3725 770 3779 61
784 3737 828 3778 66
847 3717 970 3779 1661661
988 3724 1082 3799 apres
1103 3717 1149 3797 s'y
1170 3719 1390 3799 replongeant.

174 3814 221 3875 (16
247 3820 321 3875 6661
341 3820 413 3876 1666
437 3812 493 3875 (166
516 3814 769 3892 116616166-111166,
796 3815 901 3876 666166
923 3815 1123 3877 66661166666
1142 3814 1180 3877 (16
1204 3835 1339 3892 moeurs,
1354 3815 1392 3879 de

173 3931 273 3992 corps
290 3931 332 3974 ou
347 3911 385 3973 (16
400 3931 490 3974 coeur
502 3908 525 3972 ¹.
545 3934 557 3964 ι

204 4174 215 4212 ¹
231 4168 351 4225 Histoire
365 4168 398 4223 de
414 4167 441 4222 ia
454 4168 617 4225 Litterature
627 4172 756 4239 anglaise,
772 4187 822 4240 par
834 4173 864 4226 Η.
877 4170 969 4239 i‘aine,
985 4170 1070 4236 Paris,
1082 4170 1221 4238 Hachettc,
1235 4171 1303 4239 1863,
1314 4173 1391 4227 1661.

171 4255 252 4318 16-81,
269 4256 290 4304 t.
306 4253 326 4317 1,
341 4265 423 4317 peges
435 4253 480 4303 111
495 4252 590 4305 61150.
