3120 5474
673 416 851 481 -193-

193 614 210 646 «
228 589 272 653 01
285 589 495 671 Shakspere’s
509 588 581 650 debt
598 595 629 650 to
650 591 817 666 Marlowe,
838 589 942 672 inquit
961 588 1106 651 Wardus
1121 587 1144 661 ¹,
1164 589 1199 650 in
1217 608 1369 671 passages

151 687 186 750 01
199 691 254 752 the
271 690 451 751 Merchcnt
464 691 505 768 os
521 686 636 750 Venice
652 691 664 749 l
680 689 761 750 have
781 688 910 769 already
931 689 1053 771 spoken
1063 709 1072 764 ;
1099 687 1162 750 and
1181 691 1194 749 Ι
1217 684 1276 750 1001
1295 708 1371 751 sure

150 787 219 850 that
233 788 287 849 the
301 790 409 849 Nurse
424 787 458 847 in
473 788 594 848 Romen
610 786 677 848 aad
694 787 796 850 Juliet
814 787 873 849 has
892 787 951 848 her
970 785 1108 868 original
1129 785 1162 863 in
1188 787 1371 849 Marlowe's

151 886 252 948 Dido.
271 887 341 946 The
362 885 487 964 elosing
508 885 571 946 line
591 882 626 945 of
641 885 693 946 the
712 885 907 947 last-named
927 887 999 967 play
1018 883 1089 947 falls
1110 903 1152 947 on
1172 885 1225 948 the
1240 905 1295 948 ear
1308 885 1372 947 like

154 985 206 1047 the
222 987 284 1047 last
301 985 367 1046 line
382 982 416 1046 01
426 986 442 1045 J
446 983 549 1045 uliet’s
564 984 679 1064 speech
695 982 775 1046 after
790 983 942 1065 drinking
957 983 1010 1046 the
1024 984 1144 1066 potion.
1164 1009 1177 1039 »

197 1167 340 1236 Tabulis
359 1167 430 1234 Tlre
443 1166 661 1235 Stationer's
675 1169 777 1236 Booti
796 1167 974 1254 inscriptis
988 1170 1280 1236 commemoratur
1294 1172 1373 1236 ante

157 1275 247 1341 diem
278 1277 417 1340 sextum
442 1274 523 1340 ldus
546 1275 695 1360 Apriles,
721 1293 811 1342 anno
834 1277 872 1340 Ρ.
896 1276 931 1342 G.
957 1277 997 1342 N.
1020 1275 1207 1343 millesimo
1232 1294 1372 1342 sexcen-

158 1383 281 1448 tesimo
292 1381 581 1468 quinquagesimo
592 1385 714 1467 quarto
726 1379 852 1469 (1654),
865 1382 1031 1449 comoedia
1043 1383 1098 1450 oui
1113 1383 1183 1450 The
1194 1382 1374 1451 Mctdeu's

159 1491 318 1574 Holidcy
342 1506 480 1554 nomen.
502 1488 598 1554 Docti
622 1492 744 1574 putant
767 1489 856 1555 hanc
880 1509 899 1556 a
925 1490 1098 1568 llarlcvic‚
1122 1490 1183 1576 qui
1205 1491 1373 1558 loannem

160 1596 281 1662 llaium
308 1595 375 1661 sibi
399 1595 590 1680 adjutorem
620 1596 828 1681 sumpserit,
857 1596 1021 1681 scriptam
1044 1595 1162 1663 fuisse.
1188 1597 1373 1680 Nunquam

159 1704 245 1789 typis
268 1702 433 1769 mandata
452 1700 518 1769 suit
536 1705 570 1768 et
592 1703 842 1782 verisimiliter,
869 1703 982 1787 inquit
1001 1705 1140 1790 DyciuS,
1164 1706 1242 1770 usta
1266 1703 1332 1770 luit
1354 1722 1374 1770 a

157 1811 327 1878 lohannis
342 1808 586 1878 Warhurtonis
603 1807 858 1897 (Worburtoa)
877 1829 998 1895 coquo,
1013 1810 1084 1895 qui,
1104 1811 1266 1878 assiduus
1281 1811 1374 1878 codi-

156 1935 235 1985 cum
252 1920 490 2002 consumptor,
508 1920 579 1982 tam
598 1917 726 1983 multas
749 1916 883 1983 fabulas
903 1918 1058 1984 nondum
1081 1918 1191 1985 editas
1214 1921 1248 1984 et
1274 1918 1375 1984 hodie

153 2026 290 2092 malitia
303 2044 366 2091 sua
381 2025 509 2090 deletas
525 2023 568 2090 ad
583 2023 700 2110 ignem
717 2023 790 2090 suis
800 2023 997 2092 fornacibus
1012 2025 1267 2092 admovendum
1277 2025 1375 2091 adhi-

149 2129 243 2199 huit.
261 2132 329 2199 Sed
345 2131 425 2214 quia
441 2134 611 2196 testantur
634 2131 761 2197 tabulae
785 2131 854 2197 illae
878 2130 1030 2198 fabulam
1046 2151 1066 2197 a
1080 2131 1242 2198 Marlovio
1267 2131 1375 2216 scrip-

148 2241 227 2306 tam
245 2238 367 2319 fuisse‚
385 2255 453 2303 non
475 2238 559 2304 satis
575 2240 626 2303 est
646 2255 759 2304 causae
773 2256 879 2322 quare
896 2257 969 2304 rem
985 2257 1046 2323 pro
1065 2240 1157 2305 certa
1172 2239 1374 2304 habeamus.

147 2345 193 2412 In
224 2347 299 2414 The
326 2345 545 2414 Stationer's
574 2346 673 2412 Boolr
692 2345 856 2411 mendosa
885 2346 1093 2431 scriptorum
1122 2345 1264 2412 nomina
1288 2363 1377 2430 saepe
1443 2326 1449 2353 ‘

147 2455 266 2520 relata
282 2452 422 2519 luerunt
437 2455 471 2518 et
485 2451 522 2517 in
537 2470 574 2517 re
589 2450 630 2517 de
646 2470 712 2536 qua
727 2452 907 2536 quaeritur,
928 2456 1009 2520 nota
1028 2470 1097 2520 non
1121 2452 1377 2519 verisimillima

149 2562 313 2646 apparet.
332 2558 516 2624 Marlovius
532 2557 625 2622 enim
641 2576 731 2623 anno
746 2559 784 2624 P.
800 2559 835 2625 G.
848 2559 888 2624 N.
902 2559 1087 2627 millesimo
1098 2558 1378 2647 quingentesimo

148 2665 387 2752 nonagesimo
405 2664 505 2730 tertio
522 2662 634 2750 (1593)
652 2664 786 2730 occisus
800 2662 867 2729 luit
881 2668 914 2730 et
927 2665 1077 2731 loannes
1092 2666 1210 2745 Baius,
1226 2666 1376 2751 primam

150 2791 259 2841 suam
274 2771 427 2837 fabulam
443 2772 479 2837 in
493 2789 631 2837 scenam
648 2772 760 2836 solum
777 2770 954 2837 induxisse
968 2790 1058 2838 anno
1074 2773 1261 2840 millesimo
1276 2773 1377 2857 quin-

150 2879 355 2968 gentesimo
370 2876 594 2965 nonagesimo
608 2895 698 2944 nono
713 2875 830 2964 (1599)
846 2878 994 2945 videtur.
1012 2879 1047 2945 Si
1062 2879 1190 2945 laboris
1203 2882 1378 2947 consortes

152 2988 301 3054 fuerunt
311 2985 496 3052 illarlovius
507 2988 540 3051 et
549 2985 723 3051 lohannes
736 2985 852 3063 Daius
866 2985 982 3052 labore
997 2986 1116 3053 sociati
1128 2989 1208 3053 sunt
1218 2990 1378 3073 postumo

155 3096 191 3161 et
214 3091 348 3158 seilicet
371 3091 519 3157 iohanni
545 3092 628 3157 Daio
656 3110 738 3158 eura
766 3092 862 3158 illius
891 3092 1068 3159 comoediae
1096 3093 1313 3179 perficiendae
1345 3097 1378 3159 et

157 3198 387 3265 retractandae
412 3199 573 3265 mandata
596 3198 673 3278 fuit,
694 3199 1099 3283 quemadmodumNash
1119 3198 1377 3287 01101010ος00-

157 3306 226 3372 diae
245 3305 303 3372 cui
322 3305 408 3371 Dido
432 3305 554 3372 titulus
578 3306 860 3372 consummandae
883 3304 1076 3391 applicatus
1096 3305 1229 3372 fuisset.
1251 3310 1378 3373 Putant

159 3412 280 3498 plures
303 3412 609 3496 trunca.quaedam
631 3432 674 3508 ex
699 3413 757 3478 illa
782 3412 946 3479 eomaedia
974 3413 1012 3478 in
1035 3411 1224 3498 Alleynicis
1249 3414 1378 3481 chartis

163 3519 306 3586 inventa
330 3517 450 3585 luisse.
476 3519 537 3585 His
562 3521 684 3586 saltem
712 3520 834 3586 titulus
860 3520 1043 3604 impositus
1071 3518 1166 3586 suit:
1196 3522 1378 3588 Pastorum

160 3628 346 3692 Sermones
366 3623 453 3711 (The
478 3626 650 3694 Pastorcl
672 3623 883 3722 Dictoque),
911 3630 944 3692 et
966 3626 1202 3711 christophori
1223 3627 1378 3694 Marlovii

161 3732 297 3799 nomini
314 3731 384 3819 (Kit
398 3733 567 3820 Marlowe)
585 3733 719 3801 addicta
734 3732 885 3800 fuerunt.

206 3839 428 3926 Longissimo
445 3845 598 3926 tempore
612 3840 723 3908 critici
739 3843 949 3926 putaverunt
971 3840 1175 3909 Marlovium
1198 3841 1379 3927 scripsisse

161 3948 285 4015 drama
298 3949 416 4014 Lust's
431 3950 629 4015 Domialon
644 3967 687 4015 or
701 3949 760 4015 the
775 3950 990 4016 Lascivz'oas
1006 3949 1138 4031 Quaen,
1156 3969 1179 4016 c
1197 3949 1376 4035 Procedo,

162 4055 385 4139 inscriptum.
397 4055 498 4142 Typis
509 4056 614 4120 etiam
629 4074 736 4141 quum
750 4055 902 4123 fabulam
920 4055 1108 4135 mandavit,
1125 4075 1215 4123 anno
1231 4060 1268 4124 P.
1285 4059 1320 4124 C.
1336 4058 1376 4123 N.

163 4161 353 4228 millesimo
373 4162 620 4229 sexcentesimo
642 4162 931 4251 quinquagesimo
956 4163 1101 4249 septimo
1126 4164 1252 4252 (1657),
1278 4163 1379 4230 Kirk-

164 4287 293 4336 manus
309 4266 523 4356 (Kirkman),
553 4288 639 4355 opus
667 4269 704 4335 in
733 4288 813 4336 eum
835 4270 992 4337 contulit.
1016 4271 1103 4338 Rem
1127 4274 1243 4338 autem
1267 4271 1379 4336 inten-

164 4377 302 4443 tissime
339 4375 589 4461 eonquirendO,
624 4379 658 4444 et
689 4395 730 4444 ex
763 4376 913 4446 inventis
946 4376 1020 4445 suis
1053 4378 1197 4446 subtiles
1229 4378 1380 4445 rationes

197 4623 207 4659 ¹
225 4627 246 4677 A
263 4625 372 4690 History
386 4624 415 4676 01
426 4624 536 4690 English
554 4625 693 4678 Dramatic
711 4625 863 4677 Literature
884 4626 912 4674 to
931 4623 977 4675 tho
995 4624 1081 4675 Death
1098 4623 1127 4673 01
1144 4623 1235 4685 Queen
1251 4622 1327 4673 Anne
1346 4622 1380 4686 by

162 4708 307 4773 Adolphus
328 4706 447 4759 William
466 4707 561 4771 Ward,
586 4707 711 4770 London,
734 4704 900 4770 Maamillan,
924 4704 998 4767 1815,
1022 4703 1038 4756 2
1060 4703 1114 4756 vol.
1136 4702 1212 4754 ln·8⁰.
1228 4728 1260 4739 -
1281 4701 1340 4756 Vol.
1359 4701 1379 4763 l,

162 4804 190 4856 p.
204 4789 261 4852 191,
275 4789 349 4839 note.
1206 4845 1240 4900 13
