3120 5474
649 391 783 454 ..5-

102 565 306 630 memoratae
328 563 422 630 sunt.
448 563 579 630 Harum
604 564 797 649 spectacula
815 563 848 631 in
876 584 937 633 sua
964 567 1216 636 Londoateast
1236 569 1323 637 Des-

102 670 313 754 criptioae¹
336 670 454 737 narrat
473 687 541 735 non
562 688 650 736 nova
670 673 753 737 tunc
773 690 859 753 esse,
887 674 945 741 sed
968 674 1086 741 crebra
1111 678 1143 742 et
1167 676 1321 761 antiqua.

102 775 235 856 Quibus
260 776 399 843 indiciis
424 775 592 843 declarari
616 776 754 844 videtur
774 779 940 846 Miracula
963 781 1063 847 initio
1086 781 1124 848 in
1147 782 1323 848 Britannis

102 883 217 949 scenis
232 882 430 967 frequenter
451 883 523 949 acta
540 881 659 948 fuisse.
682 883 747 950 Sed
763 884 792 950 si
812 885 891 969 quis
911 905 952 952 ex
972 887 1043 953 illis
1065 906 1187 976 cogere
1206 890 1320 968 vellet,

101 988 269 1056 lliraoula
292 988 464 1075 lllysteriis
487 989 678 1075 anteposita
704 988 810 1056 luisse
839 996 872 1058 et
897 993 1158 1060 multitudinem
1187 996 1323 1062 dulcius

99 1095 339 1176 delectavisse,
358 1094 431 1160 sine
451 1094 556 1162 dubio
577 1095 752 1162 aberraret
771 1116 790 1163 a
809 1116 901 1164 vero.
920 1100 1111 1184 Supersunt
1130 1101 1224 1166 enim
1245 1101 1323 1185 qui-

99 1202 182 1268 dam
197 1201 371 1268 rarissimi
387 1200 468 1266 libri
487 1201 548 1286 qui
567 1200 671 1267 fidem
692 1201 823 1269 iaciunt
841 1205 1056 1289 temporibus
1076 1206 1146 1271 illis
1162 1208 1323 1293 llysteria

98 1308 223 1374 multis
233 1307 269 1374 in
286 1307 485 1375 civitatibus
500 1307 621 1374 crebro
636 1307 673 1373 in
690 1326 831 1375 scenam
855 1311 966 1377 delata
991 1330 1077 1391 esse,
1095 1316 1128 1378 et
1149 1313 1186 1377 in
1201 1330 1323 1378 secun-

99 1415 183 1480 dam
194 1412 269 1500 jam
285 1433 384 1481 versa
404 1413 564 1495 formam,
587 1434 655 1499 qua
675 1415 808 1496 induta,
831 1417 910 1502 plus
929 1417 1057 1484 heroici
1075 1437 1180 1503 quam
1198 1419 1322 1506 tragici

97 1522 156 1588 vel
175 1520 299 1588 comici
319 1521 485 1587 carminis
506 1521 636 1587 similia
655 1526 747 1588 sunt.
768 1523 861 1589 Libri
883 1524 934 1589 illi
958 1525 1119 1610 llysteria
1146 1526 1324 1592 continent

99 1647 181 1713 quae
205 1628 345 1694 Cestriae
370 1626 546 1716 (caesar)
572 1627 609 1694 in
637 1646 746 1694 annos
771 1629 940 1717 singulos,
971 1634 1122 1697 attamen
1152 1650 1220 1697 non
1250 1633 1351 1698 sine>

98 1735 213 1801 multa
239 1733 514 1811 intermissione,
546 1734 722 1819 usquead
748 1735 975 1803 millesimum
1000 1737 1323 1824 quingentesimum

99 1841 400 1928 septuagesimum
420 1841 607 1926 septimum
625 1841 737 1930 (1577)
754 1844 791 1908 P.
810 1844 846 1910 C.
863 1845 904 1910 N.
924 1862 1056 1910 annum
1076 1847 1150 1911 acta
1170 1843 1321 1923 suerunt,

97 1951 134 2014 et
159 1948 314 2033 primurn
342 1946 529 2014 millesimo
557 1949 793 2015 ducentesimo
818 1950 1032 2037 sexagesimo
1060 1954 1177 2017 octavo
1209 1950 1322 2038 (1268)

96 2056 138 2120 P.
161 2055 197 2120 C.
220 2056 275 2132 Ν.,
294 2073 403 2138 quum
426 2054 599 2121 lohannes
618 2054 792 2122 Arnvaius
814 2054 1006 2143 (Arntoop)
1024 2058 1102 2124 urbi
1118 2060 1282 2142 praeesset
1297 2059 1321 2122 2.

96 2160 367 2227 Distribuuntur
386 2160 504 2246 plures
525 2161 561 2227 in
582 2164 696 2246 partes
717 2181 795 2247 quae
815 2182 855 2228 ex
879 2163 1055 2248 Scriptura
1076 2169 1205 2242 sancta,
1224 2163 1323 2248 cujus
1406 2188 1410 2198 ·

95 2267 344 2335 celeberrimos
355 2265 493 2355 lingunt
504 2272 776 2354 casus,sumptae
788 2273 879 2350 sunt,
891 2272 1320 2356 etquarumunaquaequo,

96 2374 137 2440 in
163 2393 239 2440 sese
259 2374 428 2456 absoluta,
453 2373 636 2461 sigillatim
661 2375 716 2462 agi
740 2379 872 2460 posset,
897 2377 1057 2461 quamvis
1081 2377 1186 2443 totius
1211 2377 1323 2461 operis

95 2480 237 2567 corpori
257 2480 438 2559 inhaereat,
462 2484 495 2546 et
516 2481 696 2547 immensae
718 2481 843 2548 fabulae
863 2486 978 2562 actus,
999 2487 1037 2550 ut
1057 2483 1104 2548 ita
1125 2483 1255 2560 dicam,
1279 2484 1322 2548 sit

96 2606 207 2655 unus
235 2587 333 2653 Locis
360 2588 464 2654 etiam
488 2588 665 2672 productis
689 2589 732 2654 ab
754 2589 936 2655 annalibus
960 2590 1085 2656 iisdem
1109 2589 1322 2673 temporibus

97 2695 256 2780 scriptia,
274 2697 501 2761 ostenderunt
516 2694 606 2761 docti
624 2712 694 2760 non
713 2696 894 2779 quasdam,
917 2696 977 2761 seu
997 2698 1085 2761 totas
1104 2699 1219 2780 partes
1241 2714 1323 2779 quo-

95 2801 219 2869 tannis
241 2803 334 2867 actas
353 2800 472 2880 fuisse,
493 2821 571 2887 quae
591 2801 784 2886 spectacula
803 2800 921 2886 plures
940 2805 1031 2867 certe
1051 2802 1125 2868 dies
1147 2803 1320 2867 tenebant.

96 2907 285 2975 llillesimo
304 2908 585 2995 quingentesimo
606 2908 861 2994 septuagesimo
880 2908 1027 2992 septimo
1049 2911 1086 2973 P.
1113 2909 1148 2974 C.
1168 2909 1208 2973 N.
1232 2926 1321 2972 anno

99 3012 231 3102 (1577),
248 3015 439 3081 verisimile
455 3017 507 3081 est
522 3034 561 3081 ea
576 3016 655 3101 plus
670 3033 768 3099 aequo
787 3014 921 3081 diutina
940 3014 1014 3080 visa
1030 3033 1117 3092 esse,
1136 3016 1169 3079 et
1186 3033 1262 3079 eam
1278 3014 1321 3078 ob

97 3139 257 3202 causam,
274 3126 408 3206 partem
424 3139 542 3201 unam,
564 3119 663 3205 cujus
683 3123 855 3188 Pastoras
875 3120 997 3186 titulus
1017 3122 1100 3198 erat,
1123 3120 1159 3185 in
1180 3137 1319 3184 scenam

96 3229 281 3295 inductam
298 3246 384 3294 esse.

145 3334 352 3401 lliraoulum
382 3334 474 3418 quod
501 3334 649 3402 Sanctae
679 3333 895 3404 Cotborc'nae
925 3333 1009 3401 Vtra
1032 3331 1246 3408 inscribitur,
1270 3333 1321 3396 in-

97 3441 242 3509 tulitin
267 3441 484 3508 Britanniam
508 3441 699 3506 monachus
723 3441 865 3525 quidam
895 3442 1114 3506 Normannus
1141 3439 1201 3524 qui
1226 3437 1322 3504 Pari-

98 3546 228 3616 siensis
244 3551 413 3632 parserat
429 3546 684 3614 Universitatis.
712 3547 883 3632 Scriptum
906 3546 1014 3633 igitur
1036 3545 1100 3613 luit
1121 3566 1140 3611 a
1160 3545 1267 3622 Gallo,
1289 3547 1322 3609 ct

98 3656 167 3722 hoo
183 3654 324 3740 signum
351 3656 414 3732 est,
445 3671 560 3719 sacras
585 3652 718 3720 fabulas
742 3653 779 3717 in
802 3653 1017 3718 Britanniam
1043 3672 1061 3717 a
1087 3651 1321 3717 sacerdotibus

96 3761 314 3828 Normannis
335 3760 538 3844 importatas
559 3759 678 3826 fuisse.
699 3760 754 3826 Ad
774 3759 910 3825 lectoris
930 3759 1192 3824 delectationem
1213 3776 1267 3822 res
1283 3775 1321 3822 eo

97 3865 215 3952 aptior
234 3871 297 3946 est,
319 3867 410 3951 quod
430 3883 499 3931 non
519 3871 704 3951 supersunt
724 3867 814 3951 apud
834 3865 948 3931 Gallos
971 3865 1130 3950 llysteria
1146 3867 1216 3929 tam
1233 3863 1321 3928 anti-

132 4107 143 4141 ¹
162 4124 173 4152 ι
190 4105 330 4156 Londonla
350 4119 400 4170 pro
417 4105 581 4170 spectaculis
595 4104 789 4160 theatralibus,
811 4115 860 4167 pro
884 4102 956 4152 ludis
978 4101 1108 4164 scenicis,
1138 4101 1215 4150 ludos
1240 4100 1323 4150 habet

96 4184 263 4243 sanctiores,
280 4184 528 4248 representationes
544 4183 739 4233 miraculorum
755 4196 815 4245 quae
834 4182 921 4232 sancti
938 4181 1110 4232 Confessoros
1127 4179 1229 4244 operati
1248 4182 1321 4240 sunt,

95 4279 149 4318 seu
170 4264 419 4328 representationes
437 4264 595 4328 passionum
614 4262 713 4326 quibus
731 4262 830 4312 claruit
849 4261 1004 4312 constantia
1016 4263 1181 4324 martyrum,
1203 4281 1212 4300 »
1234 4273 1259 4323 p.
1280 4258 1321 4318 ll,

56 4376 61 4383 -
98 4348 126 4396 ιθ
141 4344 195 4405 ed„
211 4343 281 4393 lata.

132 4425 144 4458 ²
160 4425 254 4487 Payne
267 4422 372 4480 Collier,
388 4422 439 4473 loc.
456 4423 512 4484 cit,
525 4423 576 4473 vol.
590 4423 621 4480 ll,
636 4435 681 4486 pp.
695 4421 776 4472 56-57.
790 4449 819 4458 -
835 4421 897 4471 llaec
910 4419 1039 4485 llysteria
1052 4433 1069 4470 a
1083 4418 1187 4482 ltalpho
1200 4417 1323 4481 lligrleno

98 4503 205 4571 (Balplc
219 4503 345 4565 moden),
359 4503 406 4565 qui
420 4502 482 4552 libri
496 4501 694 4565 Polyeroaicon
711 4501 844 4551 nominati
858 4500 1003 4550 materiam
1017 4499 1133 4561 collegit,
1148 4497 1251 4561 scripta
1264 4510 1323 4547 esse

98 4585 217 4650 quidam
237 4586 413 4647 putaverunt.
435 4583 462 4633 Si
485 4582 595 4645 quidem
618 4595 691 4632 anno
711 4594 795 4645 supra
816 4581 888 4631 dicto
911 4580 1042 4645 primum,
1065 4579 1095 4627 ut
1115 4576 1246 4637 creditur,
1260 4579 1322 4626 acta

97 4664 218 4724 fuerint,
233 4663 339 4712 nullam
356 4675 467 4726 operam
485 4662 528 4712 his
543 4662 663 4726 Ralphus
681 4660 818 4724 lligdenus
840 4661 923 4717 dedit,
947 4658 1048 4709 etenim
1068 4657 1154 4707 multo
1177 4655 1323 4721 posterius,

97 4743 225 4810 amplius
239 4755 295 4792 uno
309 4742 409 4793 saeculo
422 4741 593 4806 interposito,
607 4745 731 4792 mortuus
746 4744 798 4791 ost.
