3120 5474
683 435 859 501 ..209-

120 626 127 631 ·
164 603 313 687 (Greene)
328 605 404 685 they
417 611 534 667 cannot
547 603 585 668 be
600 605 754 687 avenged,
770 607 844 688 they
858 606 1003 687 willfully
1022 606 1111 689 forge
1133 607 1169 670 in
1191 607 1274 671 their
1291 626 1370 672 con-

164 704 261 767 ceites
275 703 407 784 aliving
420 703 544 765 author.
564 726 577 757 ι
887 714 891 722 ·

207 835 269 899 Est
286 832 325 899 in
346 834 469 899 natura
493 850 611 898 rerum
633 834 672 899 ut
695 832 764 899 duo
787 833 970 919 scriptores
994 833 1110 901 libello
1133 833 1231 922 cujus
1255 839 1372 904 auctor

163 943 323 1007 mortuus
338 942 389 1005 est
404 933 571 1017 lacessiti,
593 938 636 1004 ab
655 957 693 1005 eo
708 939 767 1024 qui
784 941 990 1026 opusculum
1005 941 1112 1009 edidit
1121 940 1181 1027 jus
1200 943 1369 1029 expetant.

162 1046 257 1113 Nihil
273 1063 413 1113 necesse
427 1047 490 1125 est,
509 1045 636 1113 adrem
651 1044 879 1128 efficiendam,
896 1066 953 1114 eos
967 1047 1064 1135 prius
1074 1048 1111 1114 in
1124 1067 1234 1117 unum
1250 1067 1371 1118 consu·

163 1154 248 1232 lant,
266 1157 302 1219 et
315 1173 333 1220 e
348 1153 442 1219 nullo
457 1140 601 1221 Ghetteli
624 1152 727 1220 verbo
751 1155 972 1239 consequitur
994 1156 1035 1221 ut
1051 1155 1247 1235 MarloviuS,
1264 1173 1372 1242 quurn

164 1260 331 1346 inJ'uriam
354 1259 560 1342 vindicaret,
585 1259 728 1327 consilia
751 1280 813 1329 sua
838 1280 917 1329 cum
943 1262 1176 1346 Shakespearo
1199 1261 1372 1330 consocia-

138 1354 283 1436 'visset
1352 1364 1354 1368 ’

208 1475 412 1558 Nunquam,
443 1475 481 1540 ut
508 1473 644 1559 opinor,
679 1475 863 1542 Marlovius
896 1475 933 1541 in
963 1479 1137 1543 certamen
1167 1475 1260 1542 venit
1291 1493 1373 1542 curn

164 1581 411 1665 Shakespearo‚
429 1583 463 1646 et
477 1580 635 1664 quamvis
655 1581 822 1665 posterior
845 1581 1028 1667 aliquando
1052 1581 1211 1648 inflatum
1236 1580 1372 1648 dicendi

164 1705 276 1777 genus
315 1686 421 1772 priori
458 1687 637 1771 proprium
674 1686 822 1754 illuserit
858 1689 894 1754 in
934 1688 1141 1773 quibusdam
1177 1675 1372 1755 fabularum

165 1797 335 1862 suarum¹
354 1812 433 1860 eum
453 1793 567 1880 magis
584 1793 739 1860 imitatus
758 1798 810 1861 est
825 1813 929 1880 quarn
949 1798 988 1861 ut
1012 1795 1130 1879 inique
1153 1795 1196 1861 de
1219 1813 1257 1860 eo
1279 1793 1372 1880 J‘udi-

164 1904 271 1968 caret.
296 1898 381 1984 Ejus
406 1899 510 1966 etiam
533 1916 653 1967 necem
675 1900 881 1984 deploravit,
903 1902 939 1967 in
962 1900 1076 1973 sabula
1094 1901 1144 1969 As
1160 1919 1232 1986 you
1251 1901 1324 1967 lille
1343 1902 1374 1968 tt

165 2006 345 2092 inscripta,
375 2005 532 2072 versibus
560 2006 619 2091 qui
649 2007 757 2073 animi
784 2008 929 2093 permoti
958 2007 1192 2075 misericordia
1219 2006 1373 2096 insignes

165 2116 272 2181 sunt:

290 2269 303 2300 ι
320 2245 407 2309 Dead
420 2245 595 2328 Shepherd,
612 2264 686 2309 now
701 2249 714 2307 I
730 2246 796 2309 find
810 2246 865 2327 thy
880 2267 949 2310 saw
963 2245 998 2310 of
1010 2248 1133 2329 might:

290 2369 303 2398 ι
321 2346 370 2408 He
385 2365 483 2408 never
497 2344 599 2419 loved,
616 2345 683 2407 that
697 2346 787 2407 loved
802 2353 858 2408 not
871 2353 903 2409 at
917 2344 988 2409 first
1003 2347 1088 2428 sight
1099 2343 1121 2407 ².

211 2492 278 2560 Sed
292 2510 334 2559 ex
348 2492 487 2560 indiciis
501 2492 584 2574 illis,
603 2511 681 2577 quae
696 2492 925 2582 incertissima
941 2498 1033 2574 sunt,
1050 2512 1119 2562 non
1138 2494 1203 2561 hoc
1228 2492 1375 2563 eflicitur

165 2603 206 2668 ut
220 2600 406 2666 illarlovius
422 2599 552 2684 aliquid
567 2600 709 2667 rationis
724 2600 882 2668 habuerit
896 2620 976 2668 cum
995 2601 1240 2687 Shakespearo,
1262 2602 1375 2669 socius

166 2705 243 2792 ejus
270 2705 374 2774 luerit
396 2725 503 2791 quum
528 2706 666 2773 Henrici
690 2706 777 2772 sexti
805 2707 992 2774 secundam
1020 2711 1053 2775 et
1081 2708 1218 2774 tertiam
1241 2711 1375 2794 partein

165 2813 414 2892 retractaverit,
422 2812 703 2898 conjunctissime
712 2814 904 2898 praesertim
915 2832 995 2880 cum
1006 2832 1044 2881 eo
1054 2815 1189 2881 vixerit.
1199 2815 1377 2898 Quietali'-

166 2920 232 2986 hus
245 2919 387 2986 indiciis
402 2939 459 2987 eas
479 2920 688 2987 concludunt
706 2920 869 2999 rationes,
884 2920 982 2988 novis
1004 2920 1136 2988 artibus
1152 2924 1224 2987 tarn
1249 2922 1374 2989 intem-

165 3028 326 3110 peranter
341 3029 485 3093 utuntur
500 3045 604 3112 quam
619 3026 677 3111 qui
694 3026 856 3094 maxime.
872 3027 972 3094 Artes
986 3027 1043 3095 cui
1062 3044 1189 3095 nomen
1204 3029 1376 3096 intercal

171 3135 251 3200 Test
266 3133 342 3198 sine
355 3132 459 3199 dubio
474 3133 593 3220 magni
607 3133 774 3200 momenti
788 3137 822 3200 et
839 3132 1000 3219 ponderis
1019 3137 1120 3212 sunt}
1147 3138 1298 3201 attamen
1313 3153 1375 3220 per

168 3257 205 3305 se
219 3257 289 3306 uon
303 3239 391 3306 hano
406 3239 476 3308 vim
494 3240 620 3307 habent
635 3242 672 3306 ut
683 3258 737 3306 res
748 3240 825 3306 illas
836 3240 878 3307 ad
888 3243 1020 3307 certum
1031 3240 1212 3308 deducant.
1228 3242 1375 3309 Maxime

169 3347 314 3430 prosunt
328 3346 371 3413 ad
391 3346 622 3414 roborandum
638 3345 788 3414 rationes
805 3365 847 3413 ex
865 3347 1005 3414 indiciis
1027 3346 1179 3414 externis
1205 3352 1372 3434 sumptas.

168 3452 242 3518 lllis
267 3455 382 3519 autern
402 3455 552 3538 potestas
566 3455 629 3532 est,
646 3471 709 3520 nec
725 3453 761 3519 in
776 3454 890 3520 locum
905 3454 1029 3520 horum
1046 3453 1252 3522 indiciorum
1263 3474 1376 3525 succe·

168 3558 285 3640 uendi,
300 3577 363 3626 nec
376 3560 480 3626 etiam
495 3562 568 3627 haec
583 3560 625 3627 ad
639 3563 773 3628 certum
788 3560 992 3641 deducendi,
1008 3579 1116 3646 quum
1144 3562 1375 3630 incertissima

169 3668 262 3732 sunt.
293 3666 328 3733 Si
356 3667 525 3753 principia
553 3666 612 3734 illa
642 3684 683 3733 ex
709 3666 875 3733 memoria
903 3666 1084 3753 abjiciens,
1117 3686 1188 3735 uon
1218 3670 1375 3755 parueris

168 3771 324 3838 consiliis
337 3772 454 3839 Jacobi
468 3770 725 3839 Darmstetteris
739 3771 799 3858 qui
814 3790 870 3838 res
885 3771 1074 3857 ponderare
1087 3772 1253 3859 praecipit,
1270 3776 1303 3841 et
1317 3793 1375 3841 eas

168 3879 282 3946 solum
297 3879 546 3959 numeraveris
563 3877 757 3946 necessario
771 3877 809 3944 in
827 3878 937 3946 nudas
960 3877 1175 3965 conjecturas
1193 3880 1324 3947 incides
1343 3870 1382 3947 et⁴

168 3986 320 4053 rationes
335 3985 492 4054 infirmas
506 3985 694 4070 inanesque
709 3988 821 4052 certas
834 4003 909 4052 esse
924 3985 1074 4071 putabis.
1091 3987 1176 4054 Rern
1195 4006 1256 4073 pro
1270 3985 1377 4054 mani·

168 4092 256 4160 festa
284 4092 443 4173 habebis,
469 4093 499 4159 si
525 4093 664 4179 penitus
684 4091 929 4180 introspexeris
944 4093 989 4160 'in
1015 4093 1265 4162 controversias
1290 4111 1376 4180 quas

169 4199 321 4268 breviter
333 4198 500 4269 contraxi.

204 4390 214 4424 ¹
231 4388 351 4453 Exempli
365 4388 454 4452 gratia
472 4388 598 4440 inflatum
618 4401 772 4442 sermonem
798 4387 958 4442 Tamerlano
975 4370 1117 4457 proprium
1130 4389 1205 4443 dedit
1216 4389 1264 4443 uni
1276 4405 1309 4443 ex
1320 4390 1377 4444 suis

169 4468 295 4520 ridiculis
310 4470 442 4534 personis,
460 4469 553 4521 Pistoli
569 4469 669 4536 (Pistol)
690 4470 719 4521 in
733 4470 792 4522 loco
805 4471 854 4536 qui
866 4471 941 4524 hunc
957 4484 1067 4524 versum
1090 4472 1263 4526 Marlovianaa
1280 4471 1376 4526 fabulae

171 4549 294 4602 continet
305 4565 312 4598 :

202 4647 218 4676 ι
231 4628 316 4689 Hella.
328 4643 362 4693 ye
374 4632 520 4706 pampered
532 4629 610 4697 jadas
624 4630 653 4681 ol
662 4629 742 4682 Asia!
757 4649 768 4678 ι

120 4733 121 4737 =
203 4710 233 4759 ln
250 4708 369 4761 ludibrio
378 4724 486 4774 quoque
497 4710 579 4762 vertit
588 4723 683 4763 versus
696 4709 796 4774 quibus
807 4710 836 4765 in
848 4710 915 4766 Dido
928 4710 1029 4766 Priami
1042 4711 1130 4767 cades
1143 4715 1280 4768 narratur.

204 4790 217 4824 ²
232 4789 294 4842 Loc.
308 4788 354 4843 cit.
368 4804 395 4856 p.
408 4789 462 4844 273.
1178 4859 1182 4865 η
1204 4854 1239 4913 14
