3120 5474
696 470 855 534 ..51-

163 641 283 708 retulit
304 641 341 707 in
356 642 490 708 tabulas
510 641 646 707 Caedem
668 641 899 708 Parisiensem
925 643 1037 708 actam
1063 641 1171 708 luisse
1193 644 1272 708 ante
1292 641 1382 709 diem

164 748 328 832 quintum
344 751 457 816 Nonas
473 750 506 813 et
526 749 605 813 ante
629 746 723 814 diem
744 751 880 814 sextum
897 749 978 815 Idus
994 748 1176 830 Quintiles,
1194 753 1274 815 ante
1292 748 1385 815 diem

164 855 355 939 septimum
384 854 559 923 decimum
588 853 749 939 diemque
779 859 913 920 sextum
942 855 1110 922 Calendas
1134 858 1168 921 et
1191 857 1270 922 ante
1293 854 1386 921 diem
1463 850 1464 855 ’

166 965 303 1028 sextum
319 962 401 1028 Idus
416 961 572 1039 Sextiles
594 963 673 1026 ante
697 959 790 1025 diem
805 960 966 1044 quintum
983 960 1159 1028 decimum
1173 959 1339 1027 calendas
1355 962 1388 1026 et

165 1072 244 1135 ante
265 1069 359 1135 diem
379 1068 565 1154 septimum
591 1069 673 1134 Idus
693 1066 923 1151 Septembres,
939 1070 973 1133 et
988 1070 1067 1133 ante
1083 1067 1176 1134 diem
1200 1067 1387 1152 septimum

167 1174 335 1242 Calendas
360 1175 521 1242 Octobres
548 1172 593 1261 (3,
620 1171 653 1252 8,
682 1170 724 1241 16
752 1175 786 1239 et
808 1172 850 1240 ⁹27
872 1170 998 1258 juillet,
1027 1171 1046 1241 8
1075 1176 1109 1240 et
1135 1172 1176 1240 ll
1201 1178 1295 1252 aoht,
1321 1171 1390 1240 'let

166 1280 210 1349 25
225 1281 448 1369 septembre).

212 1388 247 1453 Si
259 1388 337 1454 duae
350 1387 475 1454 labulae
490 1406 558 1453 una
574 1389 608 1453 et
622 1388 740 1455 eadem
753 1407 828 1455 esse
839 1389 1070 1465 declarantur,
1085 1407 1272 1474 possumus
1283 1392 1389 1458 etiam

168 1511 262 1560 nunc
294 1494 439 1561 reddere
476 1493 645 1560 rationem
681 1493 889 1578 curflsabula
922 1496 992 1560 The
1025 1497 1183 1582 Tragedy
1211 1496 1248 1563 of
1276 1499 1389 1583 Guyes

169 1600 349 1685 inscripta,
368 1605 553 1686 postquam
573 1601 765 1681 cecidisset,
784 1601 821 1666 in
836 1620 976 1668 scenam
996 1600 1106 1669 fauste
1125 1603 1266 1670 reducta
1286 1607 1388 1671 esset.

168 1706 255 1773 Novi
279 1709 424 1789 actores,
454 1707 600 1775 scenicae
623 1707 767 1792 picturae
796 1705 977 1790 splendore
1006 1705 1137 1792 majore
1166 1707 1314 1774 nitentes
1344 1712 1388 1788 et,

169 1816 208 1879 ut
229 1811 420 1879 verisimile
445 1815 512 1892 est,
540 1812 664 1880 callida
689 1812 879 1880 multorum
908 1812 1062 1878 locorum
1091 1813 1287 1880 emendatio
1316 1833 1391 1880 rem

171 1918 334 1985 enodant.
356 1919 421 1986 Sed
435 1937 504 1986 non
518 1919 727 2007 intelligitur
740 1938 846 2004 quare
866 1917 993 1997 sabula,
1014 1921 1093 1985 ante
1113 1918 1206 1985 diem
1226 1921 1390 2004 quartum

171 2026 349 2093 decimum
364 2027 531 2095 Calendas
554 2013 724 2109 Quintiles
748 2025 980 2111 prosperrime
1003 2024 1040 2092 in
1071 2043 1211 2092 scenam
1236 2025 1390 2103 reducta,

172 2132 297 2200 exinde
316 2151 385 2200 non
410 2139 489 2200 ante
512 2137 582 2200 tres
606 2133 840 2200 hebdomadas
866 2134 940 2198 aeta
969 2130 1085 2209 fuerit,
1109 2150 1218 2215 quum
1245 2135 1393 2216 quatuor

173 2241 390 2308 scenicorum
424 2241 586 2308 ludorum
621 2239 908 2326 subsequentium
941 2238 1033 2306 vices
1062 2239 1176 2304 solum
1201 2238 1392 2306 intervallis

173 2350 306 2431 septem
332 2348 468 2415 dierum
494 2348 707 2415 dividantur.
733 2348 860 2413 lllirum
883 2363 1019 2432 quoque
1042 2344 1179 2410 videtur
1203 2344 1393 2430 essequod

174 2453 298 2519 titulus
315 2456 469 2520 mutatus
485 2452 587 2520 suerit
602 2474 711 2539 quum
727 2455 842 2522 sabula
859 2455 893 2520 in
910 2473 950 2521 eo
964 2457 1054 2520 esset
1074 2458 1111 2520 ut
1131 2455 1258 2521 iterum
1273 2472 1393 2541 agere-

131 2566 134 2570 '
174 2562 243 2640 tur,
261 2560 389 2625 namsi
406 2550 597 2627 'mutandus
620 2565 723 2641 esset,
745 2561 946 2647 expediebat
966 2560 1113 2627 scenicis
1134 2560 1288 2646 primum
1311 2560 1393 2627 titu-

174 2665 248 2732 lum
274 2665 318 2732 ab
341 2665 441 2732 initio
465 2667 611 2748 auferre,
637 2670 728 2756 quod
749 2668 922 2754 posterius
943 2686 1017 2734 sese
1041 2668 1078 2734 in
1098 2669 1291 2752 periculum
1312 2667 1367 2734 ins
1384 2706 1397 2716 -

174 2769 297 2836 rebant
312 2770 423 2854 plebis
439 2772 685 2840 conturbandae
699 2776 733 2840 et
747 2775 789 2840 de
805 2773 860 2840 via
876 2774 1000 2841 theatri
1016 2774 1227 2842 deducendae
1242 2779 1265 2841 ¹.

219 2877 271 2944 Sit
289 2896 331 2943 ex
346 2879 519 2944 contrario
534 2881 573 2945 ut
588 2884 678 2947 notae
693 2880 736 2946 ad
754 2880 841 2947 duas
857 2878 990 2945 fabulas
1006 2900 1043 2946 re
1058 2881 1212 2949 diversas
1229 2885 1394 2967 spectent,

176 2982 359 3050 confestim
375 2987 450 3050 octo
465 2985 538 3051 ludi
554 2986 664 3052 Caedis
680 2985 887 3052 Parisiensis
902 2985 990 3052 fiunt
1009 2987 1082 3054 ludi
1103 2988 1271 3055 dramatis
1287 2987 1398 3055 fauste

178 3090 214 3156 in
229 3107 370 3156 scenam
387 3089 533 3169 reducti,
555 3091 671 3158 fabula
692 3091 786 3158 enim
807 3095 929 3177 quater
949 3111 1010 3177 per
1033 3111 1189 3160 mensem
1209 3095 1397 3175 Quintilem

178 3199 212 3263 et
231 3196 286 3262 bis
305 3215 366 3282 per
391 3200 577 3283 utrumque
601 3198 751 3265 duorum
773 3199 949 3265 mensium
975 3201 1197 3285 sequentium
1218 3205 1293 3267 acta
1318 3200 1396 3267 luit.

178 3304 223 3370 Ut
237 3321 360 3370 verum
376 3303 503 3382 dicam,
520 3304 607 3369 mihi
624 3309 779 3390 superest
795 3307 833 3371 ut
852 3292 1022 3373 rationem
1042 3307 1184 3374 reddam
1204 3325 1265 3373 cur
1284 3307 1399 3374 sabula

183 3410 256 3478 The
283 3409 456 3496 Tropedy
481 3409 524 3496 os
544 3410 664 3480 Gentes
687 3410 854 3496 inscripta
878 3414 912 3478 et
934 3416 1014 3479 ante
1037 3414 1131 3480 diem
1154 3413 1400 3480 duodecimum

180 3516 349 3583 Calendas
368 3516 538 3597 Quintiles
558 3517 614 3604 (19
627 3515 719 3605 juin)
742 3517 975 3602 prosperrime
997 3521 1089 3599 acta,
1110 3519 1148 3586 in
1168 3538 1307 3586 scenam
1330 3538 1399 3587 non

180 3622 306 3689 exinde
320 3622 463 3689 reducta
482 3623 602 3690 luerit.
625 3623 662 3690 ld
678 3623 834 3708 expedite
859 3622 934 3690 fieri
960 3626 1083 3710 potest,
1109 3625 1138 3690 si
1163 3625 1237 3693 ludi
1262 3625 1401 3692 inhibiti

181 3729 324 3796 fuerunt
344 3729 446 3814 jussu
470 3731 638 3810 auctoriS,
669 3731 724 3798 vel
745 3730 860 3815 potius
889 3731 1105 3799 scenicorum
1134 3732 1295 3799 societate
1321 3749 1402 3798 con-

178 3835 383 3922 junctorum
402 3837 462 3921 qui
481 3838 579 3906 abeo
601 3837 756 3906 fabulam
778 3841 945 3904 emerant.
967 3839 1080 3920 Quum
1095 3838 1187 3904 inter
1206 3856 1243 3904 se
1261 3838 1403 3905 aemula-

182 3946 325 4020 rentur,
361 3941 415 4008 hae
445 3946 661 4014 scenicorum
691 3942 871 4010 societates
903 3945 940 4013 in
968 3948 1143 4013 certamen
1173 3947 1404 4032 asperrimum

215 4181 224 4216 ¹
241 4179 269 4231 Si
284 4178 349 4244 quis
363 4181 460 4230 contra
476 4179 535 4230 haec
549 4179 654 4232 diceret
671 4181 889 4233 Websterianam
912 4179 1034 4231 fabulam
1049 4178 1123 4245 apud
1145 4178 1281 4231 Henslovii
1298 4179 1407 4232 tabulas

182 4260 307 4313 vicissim
322 4259 425 4312 coisse
439 4262 467 4311 et
481 4260 532 4310 The
545 4261 685 4312 masaaher
698 4263 731 4325 of
741 4263 846 4312 France
867 4259 991 4321 inscribi,
1013 4258 1037 4310 ei
1057 4260 1251 4324 responderem
1270 4259 1321 4310 hos
1339 4260 1409 4312 duos

183 4342 280 4394 titulos
300 4341 373 4392 forte
390 4340 508 4390 dramati
530 4341 673 4407 impositos
695 4341 779 4394 luisse
801 4347 828 4392 et
853 4344 983 4392 caeterum
1007 4339 1216 4391 circumstantia
1233 4353 1327 4390 rerum
1353 4354 1409 4391 non

184 4423 281 4475 eadem
296 4433 370 4472 esse.
383 4419 460 4478 Notae
473 4420 526 4471 illae
540 4434 594 4471 non
607 4421 747 4487 pertinent
758 4423 794 4472 ad
804 4434 933 4472 nummos
945 4433 1013 4484 quos
1026 4420 1187 4471 Henslovius
1201 4420 1363 4470 detrahebat
1375 4421 1409 4471 de

182 4501 304 4569 pecunia
315 4513 334 4550 a
347 4499 466 4552 scenicis
477 4504 592 4566 accepta
607 4515 693 4565 quum
710 4501 816 4553 tabulas
833 4503 954 4565 agerent,
972 4498 1019 4550 sed
1040 4500 1076 4550 ad
1093 4499 1240 4564 pecuniam
1255 4500 1409 4565 impensam

182 4583 211 4634 in
221 4580 355 4635 scenicas
366 4582 457 4630 vestes
471 4579 537 4629 dum
558 4580 657 4631 tabulae
680 4581 760 4632 ludus
780 4583 961 4646 appararetur
973 4583 1000 4630 et
1012 4592 1133 4645 persaepe
1148 4580 1239 4631 evenit
1254 4584 1285 4630 ut
1295 4592 1343 4646 per
1357 4580 1410 4630 hoc

182 4661 321 4730 temporis
336 4658 460 4724 spatium
480 4659 578 4710 fabulae
600 4660 697 4711 titulus
714 4664 845 4712 mutetur.
859 4660 910 4712 Sed
923 4673 1061 4723 nusquam
1077 4659 1220 4710 annalium
1237 4660 1409 4712 scenicorum

181 4743 347 4796 memorant
358 4738 439 4789 lllurn
451 4752 499 4804 per
508 4740 632 4806 ejusdem
644 4739 744 4791 fabulae
756 4739 835 4792 ludos
846 4753 878 4792 eo
888 4739 968 4792 modo
979 4741 1142 4792 renovatum
1152 4739 1246 4805 luisse,
1257 4738 1411 4806 praesertim

180 4838 269 4895 quum
286 4819 387 4876 fabula
399 4821 534 4886 quaestum
549 4819 673 4887 opimum
692 4820 835 4887 praeberet.
