3120 5474
583 118 622 131 ·-
643 82 697 144 lat
721 119 759 130 --

107 257 149 323 In
172 254 317 321 scenicis
342 254 524 323 annalibus
550 254 794 320 Britannorum
808 253 1030 322 Tamerlanus
1054 252 1153 320 initia
1183 273 1278 322 novae

62 363 179 430 aetatis
208 362 344 441 indicit,
377 364 410 428 et
430 362 465 427 in
485 364 579 429 tanto
602 362 711 447 pretio
735 362 891 440 habetur,
912 379 981 428 non
1007 363 1120 429 solum
1142 367 1279 449 propter
1320 363 1322 367 ’

60 469 247 554 proprium
264 470 412 556 pondus,
431 469 490 535 sed
509 469 613 536 etiam
629 472 662 534 et
676 471 785 536 multo
800 469 913 557 magis
928 471 1019 555 quod
1038 470 1117 536 novi
1141 471 1277 537 drama·

60 577 108 642 tis
129 577 280 644 formam
296 576 453 655 mutavit,
470 576 654 643 Marlovius
670 576 763 642 enim
783 576 962 642 substituit
975 577 1011 642 in
1028 578 1142 643 locum
1156 596 1277 644 versus

59 685 301 763 consonantis,
327 703 448 750 versus
467 702 535 750 non
564 684 693 769 pariter
721 684 902 762 desinens;
930 684 1085 768 exemplo
1110 703 1172 750 suo
1200 668 1277 770 per2

59 791 177 857 suasit
191 791 237 855 iis
252 790 311 875 qui
328 807 437 874 quum
452 789 575 855 iisdem
593 789 817 874 temporibus
829 792 905 855 tum
920 790 1102 874 posteriue,
1122 790 1278 876 hujusce-

57 897 158 964 modi
179 897 312 963 fahulas
328 897 539 981 scripserunt
555 897 592 961 ut
602 915 640 962 ea
651 915 727 981 quae
737 896 871 981 primus
886 895 1023 976 iecerat,
1042 897 1274 964 imitarentur.

58 1004 207 1070 Nullum
227 1005 359 1084 drama,
377 1003 438 1069 tali
454 1022 619 1071 versuum
643 1004 718 1089 lege
740 1005 773 1068 et
792 1006 863 1069 arte
879 1003 1121 1088 compositum,
1146 1005 1183 1070 in
1203 1025 1276 1072 see-

59 1130 145 1179 nam
193 1111 367 1196 publicam
409 1111 521 1177 adhuc
558 1110 739 1176 inductum
773 1109 901 1191 fuerat,
937 1114 970 1176 61
1002 1113 1162 1196 quamvis
1199 1113 1276 1180 aliae

60 1219 202 1296 tabulae,
223 1236 373 1302 quarum
387 1217 490 1286 verba
506 1217 625 1284 eodem
646 1220 755 1282 metro
775 1217 1052 1297 includebantur,
1075 1218 1147 1304 jam
1176 1220 1276 1287 editae

59 1328 114 1393 vel
135 1327 173 1392 in
188 1344 308 1392 scenas
327 1325 498 1410 privatas,
524 1323 716 1409 praesertim
737 1325 858 1409 regina
883 1329 1061 1409 praesente,
1087 1330 1171 1394 actae
1189 1326 1275 1393 fuis-

61 1438 150 1513 sent,
173 1434 358 1500 llarlovius
377 1437 505 1511 tamen,
527 1437 561 1498 et
578 1431 669 1517 jure,
692 1431 912 1498 existimatur
936 1433 1111 1499 scenicum
1135 1452 1275 1500 versum
1307 1471 1309 1475 ι

61 1541 205 1626 antiquo
229 1541 272 1608 de
302 1543 393 1607 statu
428 1540 634 1607 demovisse.
656 1540 699 1605 Ut
722 1558 842 1605 uerum
862 1539 988 1618 dicam,
1014 1540 1164 1606 arduum
1187 1544 1271 1620 erat,

60 1666 130 1716 non
159 1667 233 1714 rem
264 1650 408 1724 tentare,
434 1665 555 1714 versus
582 1646 766 1715 enim.non
797 1646 958 1712 similiter
986 1647 1273 1715 desinentes-nec

61 1756 153 1836 notri,
179 1774 244 1823 nec
268 1755 398 1822 insoliti
427 1757 524 1821 erant
553 1752 772 1842 (jamdudum
798 1753 834 1820 in
860 1772 963 1820 usum
985 1753 1176 1842 venerant),
1212 1755 1271 1822 sed

60 1881 136 1929 eam
152 1863 328 1947 perficere.

103 1970 215 2036 Primi
230 1989 351 2037 versus
369 1967 614 2055 deeemsyllabi
633 1971 667 2035 et
685 1986 754 2035 non
774 1967 935 2035 similiter
953 1967 1149 2036 desinentes
1169 1970 1227 2054 qui
1253 1990 1272 2037 a

61 2077 239 2144 Britannis
254 2076 335 2143 facti
354 2076 506 2155 luerunt,
528 2075 609 2142 editi
631 2078 712 2142 sunt
734 2094 752 2141 a
778 2077 915 2144 Surreio
936 2079 1037 2168 (Lord
1057 2078 1196 2166 Surrey)
1212 2079 1273 2163 qui
1370 2128 1372 2132 ψ

59 2188 170 2250 metro
187 2184 247 2251 illo
262 2202 346 2250 usus
370 2188 422 2250 est
445 2183 605 2268 quaedam
632 2183 773 2249 Eneidis
796 2189 955 2270 excerpta
982 2182 1019 2252 in
1037 2186 1271 2253 Britannicam

58 2292 218 2378 linguam
250 2291 499 2358 transferendo.
527 2290 696 2356 Caeterum
735 2289 873 2355 Surreio
897 2307 964 2355 non
991 2290 1274 2374 intempestivum

57 2397 173 2464 visum
199 2399 251 2463 est
277 2397 319 2463 de
343 2416 380 2463 re
403 2416 543 2464 monere
558 2416 615 2463 eos
630 2398 689 2482 qui
705 2417 791 2483 opus
812 2397 935 2464 lecturi
956 2401 1066 2476 erant,
1085 2399 1274 2466 voluminis
1369 2474 1371 2479 ,

57 2505 152 2571 enim
181 2504 219 2570 in
253 2505 352 2571 titulo
380 2505 596 2572 denuntiavit
621 2505 666 2570 iis
695 2510 733 2571 ut
761 2507 913 2599 metrum
947 2504 1061 2571 adhuc
1095 2505 1274 2571 insolitum

59 2611 94 2698 (a
116 2616 269 2696 stranpc
293 2611 422 2697 metra)
451 2612 676 2679 adhibuisset.
712 2611 823 2697 Hujus
853 2612 955 2678 metri
984 2631 1064 2679 mox
1094 2612 1274 2680 invalescit

55 2737 158 2798 usuS,
190 2721 224 2784 et
251 2719 420 2803 quasdam
449 2719 492 2785 ad
520 2718 653 2786 tabulas
683 2719 897 2797 scribendas,
929 2720 1107 2786 rarissime
1136 2722 1268 2805 tamen,

55 2829 264 2911 usurpatum
286 2825 362 2893 luit.
384 2826 636 2912 Antiquissima
661 2824 858 2894 tabularum
882 2826 1063 2913 inquibus
1083 2827 1267 2908 invenitur,

55 2933 291 3003 Gordobucus
306 2933 519 3002 inscribitur.
536 2934 566 3000 A
581 2933 751 3000 Sackvillo
766 2935 984 3018 Nortonoqua
1004 2932 1158 3022 (Norton)
1180 2952 1271 3002 com·

54 3041 189 3126 posita,
215 3051 306 3106 anno
331 3043 370 3106 P.
398 3042 433 3108 C.
460 3042 500 3107 N.
530 3041 716 3108 millesimo
745 3041 1025 3129 quingentesimo
1053 3042 1268 3128 sexagesimo

53 3149 109 3216 vel
124 3147 251 3231 primo,
272 3148 326 3215 vel
348 3149 498 3216 secundo
515 3147 609 3235 (1561
638 3167 682 3215 ou
707 3147 821 3236 1562),
847 3148 967 3236 regina
986 3147 1163 3215 Elisabeth
1181 3168 1267 3234 prae·

54 3258 170 3334 sente,
201 3257 276 3322 acta
307 3255 384 3322 fuit.
415 3255 545 3322 Deinde
574 3255 744 3340 reperitur
772 3255 865 3322 idem
889 3259 1040 3322 metrum
1069 3255 1105 3322 in
1138 3256 1269 3342 aliquot

53 3364 184 3430 fabulis
200 3363 371 3449 praecipue
391 3364 445 3430 vel
462 3363 561 3430 unice
575 3363 619 3430 ad
634 3363 766 3450 regiam
791 3364 907 3429 aulam
930 3362 984 3429 vel
1008 3362 1051 3429 ad
1076 3366 1267 3447 spectantes

52 3468 182 3538 electos
198 3457 394 3550 reservatis
412 3471 501 3537 inter
516 3489 602 3556 quas
619 3470 778 3536 notandae
794 3473 874 3536 sunt
888 3472 1047 3549 locusta,
1065 3471 1232 3558 tragoedia
1248 3490 1268 3537 a

51 3579 223 3646 Gasconio
241 3575 469 3666 (Gdscotpne)
486 3578 613 3663 scripta
639 3581 673 3643 et
695 3596 714 3643 a
737 3577 902 3643 studiosis
917 3577 1034 3644 vicum
1049 3576 1182 3663 Groq’s
1195 3578 1267 3644 Ino

50 3687 187 3754 dictum
219 3685 448 3754 incolentibus
474 3704 564 3752 anno
592 3688 630 3752 P.
651 3688 687 3753 G.
713 3687 754 3752 N.
779 3684 966 3751 millesimo
988 3684 1266 3772 quingentesimo

50 3792 271 3880 sexagesimo
286 3793 435 3861 secundo
451 3793 662 3880 (1561136111,
675 3797 708 3861 et
721 3790 1039 3877 TbeMtsfortunes
1055 3792 1098 3878 of
1106 3793 1262 3871 Artbur,

48 3899 219 3986 tragoedia
235 3900 277 3966 ad
297 3899 471 3985 propriam
488 3901 687 3967 eorumdem
708 3901 922 3968 studentium
938 3900 1122 3966 utilitatem
1138 3901 1265 3985 scripta

47 4009 93 4075 ab
108 4027 178 4076 uno
193 4027 235 4073 ex
250 4007 332 4087 illis,
350 4007 405 4074 cui
425 4008 572 4075 Thomas
592 4009 734 4096 Hughes
749 4025 886 4074 nomen.
903 4008 1004 4074 Anno
1019 4010 1056 4073 P.
1074 4009 1109 4074 C.
1126 4008 1166 4073 N.
1184 4007 1264 4074 mil-

46 4116 174 4183 lesimo
205 4115 485 4202 quingentesimo
514 4116 723 4202 octogesimo
754 4114 900 4200 septimo
929 4112 1041 4201 (1587)
1069 4114 1106 4180 in
1134 4114 1264 4202 reginae

46 4223 236 4307 conspectu
257 4226 332 4288 acta
351 4221 428 4302 fuit,
450 4224 484 4287 et
507 4222 662 4288 Baconus
686 4221 775 4308 (lord
795 4219 932 4308 Bacon),
950 4225 1032 4289 tunc
1047 4221 1263 4288 tricesimum

45 4328 162 4397 aetatis
178 4346 250 4394 suae
260 4346 391 4394 annum
406 4346 513 4415 agens
528 4332 561 4395 et
575 4346 656 4414 pars
671 4329 766 4397 illius
781 4328 967 4408 societatis,
979 4346 1099 4394 curam
1110 4346 1264 4414 assump-
1349 4375 1352 4380 ψ

45 4437 93 4505 sit
109 4433 285 4502 scribendi
300 4435 532 4521 pantomimos
551 4435 611 4527 qui
632 4435 764 4522 medios
788 4436 878 4506 iuter
901 4437 998 4504 actus
1021 4434 1165 4508 exhibiti
1189 4434 1261 4508 fue-
