3120 5474
685 372 863 438 ..202-

170 546 304 616 fabulas
322 548 392 615 111
409 548 626 618 contentiolo
641 550 674 613 et
699 546 770 615 The
797 549 891 614 Troe
911 547 1080 634 Trcpedp
1104 547 1289 634 inscriptas,
1305 548 1349 615 sed

170 674 211 723 ex
226 656 297 722 illis
311 655 449 724 Henrici
465 655 551 722 sexti
567 655 754 723 secundam
769 658 803 721 et
821 655 958 722 tertiam
975 658 1108 740 partem
1123 655 1312 742 sumpsisse.

214 764 366 846 Quarum
386 763 590 848 opinionum
609 763 731 830 ultima
755 761 1009 830 verisimillima
1028 762 1177 843 videtur,
1197 764 1230 830 et
1243 782 1354 850 quoque
1423 758 1425 791 ²

170 870 362 958 plurimum
378 870 499 957 gratiae
513 872 694 937 consecuta
709 872 772 937 est.

214 978 327 1046 Nullis
343 978 482 1046 indiciis
500 977 692 1044 ostenditur
710 976 968 1063 Shakespearus
986 979 1074 1045 duas
1093 981 1225 1046 veteres
1247 978 1359 1045 tabulas

170 1085 416 1172 composuisse,
434 1090 466 1153 et
481 1085 648 1153 habemus
667 1086 758 1172 quod
782 1085 965 1154 credamus
989 1105 1069 1153 eum
1085 1087 1163 1154 illas
1185 1104 1254 1154 non
1272 1086 1360 1172 scrip·

170 1194 269 1261 sisse.

214 1302 378 1385 Quamvis
393 1299 567 1379 1111111111,
583 1299 735 1368 rationes
749 1319 791 1367 11
812 1299 951 1367 indiciis
971 1301 1122 1369 externis
1140 1302 1364 1370 (1111111111-

170 1410 308 1478 ritatem
323 1409 511 1495 quamdam
526 1409 664 1476 habent.
683 1408 812 1474 Fabula
836 1408 907 1475 The
924 1411 1018 1477 Troe
1032 1411 1202 1496 Trapedp
1217 1410 1366 1495 inscripta

169 1520 214 1596 et,
240 1518 277 1583 ut
303 1514 493 1582 verisimile
512 1517 576 1593 est,
601 1513 671 1580 The
688 1512 917 1593 Cotctention,
942 1518 1025 1581 actae
1047 1514 1187 1584 suerunt
1201 1536 1222 1584 a
1237 1517 1369 1584 scenicis

168 1622 296 1710 quibus
315 1640 441 1689 nomen
464 1646 479 1681 ι
501 1621 590 1689 Lord
609 1619 829 1687 Pembroke's
856 1624 1030 1700 servants,
1057 1648 1072 1682 »
1097 1627 1131 1690 et
1152 1642 1222 1691 non
1249 1623 1369 1692 audivi-

168 1749 249 1797 mus
282 1729 435 1797 scenicos
465 1729 544 1795 illos
577 1728 685 1794 ullam
714 1728 943 1813 Shakespeari
978 1728 1130 1797 fabulam
1167 1731 1205 1797 in
1243 1749 1372 1799 scenam

168 1837 359 1905 induxisse.
376 1836 462 1922 Ejus
477 1840 642 1922 praeterea
656 1852 783 1901 nomen
798 1835 933 1902 duabus
951 1835 1076 1903 sabulis
1091 1855 1161 1905 non
1176 1839 1374 1925 inscriptum

169 1946 234 2014 1111
258 1965 277 2012 1
299 1944 429 2012 Thoma
449 1944 675 2030 llillingtone,
702 1960 765 2009 nec
789 1961 898 2027 quum
922 1961 979 2010 111
999 1945 1154 2029 primum
1177 1946 1297 2025 edidit,
1319 1965 1376 2012 nec

169 2054 274 2120 etiam
289 2070 397 2138 quum
417 2050 603 2118 secundam
619 2050 807 2117 editionem
823 2068 913 2117 anno
933 2050 1119 2119 millesimo
1135 2054 1378 2120 sexcentesimo

168 2161 205 2228 in
222 2161 350 2249 vulgus
365 2159 493 2237 emisit,
507 2161 540 2224 et
555 2176 657 2243 supra
678 2157 750 2225 dixi
769 2157 995 2243 quamobrem
1016 2159 1215 2228 testimonio
1234 2161 1376 2239 Pavieri,

168 2268 227 2355 qui
243 2268 382 2333 tertiam
397 2265 582 2333 editionem
599 2262 711 2352 (1619)
729 2264 765 2330 11
777 2282 857 2332 eum
873 2266 1030 2344 contulit,
1047 2267 1144 2336 nulla
1159 2267 1245 2335 fides
1259 2268 1379 2354 adjun-

169 2374 281 2464 genda
301 2374 358 2439 sit.
379 2374 447 2439 Nec
466 2372 616 2457 amplius
635 2372 790 2439 dramata
818 2372 878 2439 illa
906 2373 1043 2440 addicta
1068 2373 1209 2442 suerunt
1235 2376 1380 2443 Shakes-

168 2480 263 2568 peari
286 2479 419 2546 nomini
444 2497 553 2564 quum
576 2479 613 2545 in
636 2479 858 2547 librariorum
883 2479 1019 2546 tabulas
1038 2482 1145 2548 relata
1165 2481 1320 2551 suerunt.
1337 2484 1382 2552 Ex

169 2587 308 2656 indiciis
321 2587 468 2652 internis
487 2587 649 2673 consequi
669 2605 806 2672 quoque
828 2586 965 2656 videtur
990 2592 1027 2655 11
1050 2589 1308 2675 Shakespearus
1327 2592 1382 2658 illa

168 2713 237 2763 non
263 2694 451 2779 scripserit.
479 2694 643 2775 Quamvis
665 2695 863 2762 contineant
887 2695 978 2763 locos
1002 2696 1171 2784 insignes,
1198 2699 1384 2782 praeclaras

168 2803 273 2870 etiam
289 2819 409 2869 scenas
423 2820 443 2867 a
459 2800 695 2887 Shakespearo
711 2802 747 2868 in
768 2802 906 2869 Henrici
932 2804 1017 2871 sexti
1046 2804 1234 2870 secundam
1258 2808 1293 2873 11
1315 2809 1382 2872 111-

167 2911 252 2976 tiam
272 2912 405 2995 partem
426 2908 608 2987 translata,
635 2909 688 2975 bae
714 2908 850 2988 fabulae,
876 2910 931 2977 vel
954 2910 998 2977 ab
1025 2928 1064 2977 eo
1088 2913 1294 2988 1111111111,
1316 2931 1385 2980 111

168 3019 306 3103 aequant
330 3015 464 3083 fabulas
489 3034 575 3100 quas
602 3015 726 3082 iisdem
759 3016 971 3102 temporibus
995 3018 1232 3103 componebat.
1256 3021 1325 3086 Nec
1348 3021 1384 3086 in

168 3124 238 3191 illis
253 3126 418 3209 apparent
432 3124 486 3190 vis
497 3125 628 3192 comica
643 3128 676 3191 et
690 3124 873 3191 cavillandi
885 3143 995 3213 genus
1006 3144 1083 3211 quae
1097 3125 1134 3192 in
1149 3125 1205 3192 his
1219 3127 1382 3195 ostendit.

168 3231 206 3299 In
223 3230 305 3310 illis,
323 3248 387 3297 nec
405 3234 510 3296 aestus
529 3230 688 3309 lascivos,
707 3248 771 3297 nec
785 3230 975 3317 juvenilem
1001 3231 1171 3318 impetum
1191 3232 1267 3318 ejus
1288 3253 1383 3320 repe-

168 3339 250 3406 ries.
271 3337 486 3405 Patefaciunt
505 3337 706 3423 scriptorem
727 3339 932 3404 sentientem
956 3338 1040 3424 quid
1064 3338 1134 3406 sint
1153 3340 1330 3419 homines,
1351 3344 1386 3407 et

168 3464 276 3531 quum
297 3463 410 3513 mores
434 3462 554 3511 eorum
577 3443 723 3533 effingit,
758 3445 958 3512 reddentem
992 3445 1147 3513 veritatis
1176 3447 1382 3535 imaginem.

168 3554 242 3620 Non
257 3570 313 3619 me
333 3551 423 3640 fugit
437 3571 475 3619 11
491 3552 619 3619 indicia
634 3551 847 3638 conjecturas
862 3571 948 3619 esse.
964 3553 1073 3619 Certis
1095 3555 1211 3621 autem
1227 3556 1384 3622 testimo-

168 3660 237 3727 niis
253 3658 505 3739 deficientibus,
527 3659 614 3726 mihi
634 3659 748 3727 valere
766 3659 928 3727 videntur
951 3660 992 3728 ad
1011 3663 1145 3727 mentes
1165 3660 1385 3730 inclinandas

168 3766 204 3833 in
220 3766 417 3853 opinionem
433 3784 538 3852 quam
555 3765 782 3835 verisimilem
799 3767 959 3835 reddunt.

212 3875 330 3941 Causae
345 3875 504 3959 quaedam
521 3877 638 3941 contra
655 3876 736 3940 sunt
755 3892 817 3941 cur
835 3876 954 3960 putem
973 3874 1250 3961 Shakespearum
1265 3896 1283 3944 1
1298 3877 1385 3945 dua-

168 3981 233 4049 bus
249 3981 423 4050 veteribus
439 3981 566 4050 sabulis
582 3983 770 4049 secundam
784 3984 817 4048 et
831 3982 970 4049 tertiam
982 3985 1116 4069 partem
1132 3983 1272 4051 Henrici
1295 3986 1385 4052 sexti

169 4089 373 4176 sumpsisse.
404 4089 438 4158 Si
466 4107 535 4157 non
570 4089 786 4157 emendasset
813 4090 867 4156 vel
898 4089 1131 4175 rescripsisset
1158 4091 1222 4158 bas
1249 4095 1383 4177 parteS,

168 4197 358 4264 verisimile
373 4200 425 4263 111
440 4215 479 4264 11
493 4197 648 4265 dramata
664 4195 701 4262 iu
715 4197 865 4282 primam
881 4196 1077 4264 fabularum
1097 4217 1240 4265 suarum
1260 4199 1384 4266 editio-

169 4322 249 4371 nem
264 4323 333 4371 non
348 4304 475 4371 inserta
494 4303 612 4384 luisse,
631 4304 759 4371 etenim
775 4305 848 4372 baec
863 4304 967 4372 editio
989 4302 1089 4392 (in-il)
1110 4321 1199 4371 anno
1221 4305 1259 4369 P.
1279 4306 1316 4371 C.
1339 4309 1382 4373 N.

168 4411 355 4478 millesimo
370 4412 618 4480 sexcentesimo
632 4412 796 4480 vicesimo
817 4414 918 4481 tertio
935 4411 1047 4501 (ldae)
1063 4432 1083 4488 a
1097 4413 1231 4480 duobus
1246 4430 1264 4477 e
1278 4411 1383 4478 sami-

168 4626 295 4714 vulgus
311 4626 438 4695 emissa
453 4627 530 4694 1111.
547 4629 713 4695 Praeterea
729 4629 985 4714 Shakespearus
1001 4626 1139 4694 Henrici
1160 4625 1245 4692 sexti
1263 4627 1382 4710 partes

169 4735 452 4804 commemoravit
475 4735 513 4802 in
538 4736 722 4823 postremis
748 4735 906 4804 versibus
931 4734 1056 4803 fabulae
1080 4731 1270 4801 1111111111
1286 4731 1381 4800 Η11-
