3120 5474
709 421 848 489 ..3-

169 620 205 669 se
229 598 356 669 lascive
379 600 531 686 gerente.
555 596 730 664 Posterius
754 615 854 664 scena
875 595 997 663 remoti
1018 594 1157 664 fuerunt
1180 595 1381 664 necessitate

167 726 286 775 rerum
303 725 412 793 quum
432 705 631 773 sodalitates
650 723 757 772 sacrae
777 708 810 770 et
829 707 1060 770 mercatorum
1079 704 1383 790 operariorumque

168 812 312 901 collegia
341 816 456 899 partes
478 829 599 879 eorum
629 810 664 876 in
693 810 865 897 llysteriis
891 810 1135 896 lliraculisquc
1160 812 1326 897 parandis
1353 816 1384 877 et

169 919 313 1008 agendis
337 920 574 1005 susceperunt.
601 917 638 984 ld
666 916 862 1004 conjectura
885 916 1064 1002 probabile
1092 920 1159 997 est,
1193 918 1384 984 sacerdotes

169 1027 361 1112 saepissime
387 1025 490 1092 sociis
514 1024 588 1091 suis
612 1042 700 1092 onus
723 1024 757 1090 in
782 1024 857 1091 dies
880 1024 1125 1111 ingravescens
1145 1023 1295 1090 libenter
1316 1043 1384 1091 ces-

169 1134 268 1201 sisse.
296 1134 368 1215 Quo
396 1130 569 1219 longiores
593 1129 718 1197 fabulae
741 1129 870 1196 fiebant
893 1134 926 1196 et
950 1129 1136 1197 multitudo
1160 1131 1386 1197 concurrebat

168 1239 392 1325 frequentior,
410 1258 449 1306 eo
464 1238 622 1326 graviore
638 1238 794 1322 impensa
810 1236 1053 1303 onerabantur.
1068 1238 1154 1303 Loco
1170 1237 1385 1304 theatrorum

168 1348 263 1414 tenui
287 1346 440 1431 primum
464 1347 628 1430 apparatu
653 1346 919 1422 exstructorum,
942 1346 974 1410 et
997 1361 1059 1429 pro
1083 1361 1185 1410 scena
1209 1343 1304 1411 viam
1330 1348 1388 1411 aut

169 1453 283 1521 forum
312 1451 583 1531 insumentium,
616 1454 818 1535 sumptuose
850 1450 1035 1517 constituta
1069 1449 1210 1517 fuerunt
1242 1450 1388 1518 aedificia

170 1560 353 1626 immensa.
375 1560 424 1624 Ex
442 1556 605 1624 tabulatis
626 1557 920 1642 componebantur
938 1575 1016 1641 quae
1035 1555 1102 1622 alia
1124 1555 1203 1622 aliis
1224 1575 1388 1641 superpo·

169 1666 341 1733 nebantur
370 1667 404 1731 et
431 1670 472 1729 ex
500 1662 620 1730 infimo
644 1682 809 1748 quorum,
840 1661 968 1729 inferos
997 1661 1160 1749 fingente,
1195 1662 1324 1729 scenici
1355 1664 1389 1729 in

170 1789 387 1858 supremum,
414 1769 505 1856 quod
532 1768 657 1836 coelum
682 1769 895 1848 imitabatur,
924 1768 1150 1848 scandebant,
1176 1770 1390 1836 transeundo

169 1877 301 1959 media,
330 1895 350 1944 a
384 1876 663 1963 depugnantibus
691 1877 724 1942 et
759 1875 948 1942 victoribus
981 1874 1180 1942 christianis
1210 1879 1389 1960 occupata.

170 1983 342 2071 Impensis
370 2001 457 2068 quas
488 1982 654 2049 scenariae
682 1982 825 2068 picturae
849 1986 1031 2067 vestesque
1057 1981 1245 2048 afferebant
1269 1983 1392 2049 eodem

170 2092 273 2159 modo
290 2089 537 2168 crescentibus,
562 2089 691 2168 clerici,
718 2088 842 2156 urbani
866 2090 970 2155 etiam
992 2090 1199 2167 sacerdotes,
1216 2088 1272 2154 his
1292 2090 1392 2155 dam-

170 2199 267 2266 nosis
287 2197 484 2283 sumptibus
503 2197 671 2281 oppressi,
692 2214 780 2262 onus
800 2195 1002 2263 festinanter
1021 2197 1055 2261 et
1075 2213 1145 2261 non
1167 2195 1276 2261 invite
1298 2214 1392 2260 mer-

171 2310 329 2373 catorum
344 2308 377 2370 et
392 2304 628 2390 operariorum
645 2302 801 2390 collegiis
819 2303 1094 2388 impertiverunt.

216 2411 382 2494 Quamvis
397 2429 526 2476 munus
541 2410 775 2495 suscepissent
789 2428 907 2497 grave,
930 2429 992 2495 pro
1016 2428 1083 2495 quo
1102 2407 1247 2494 pecunia
1268 2427 1391 2478 conce-

173 2519 320 2586 debatur
341 2517 465 2602 impar,
487 2517 537 2583 rei
557 2518 691 2602 pondos
713 2517 789 2582 laete
809 2516 953 2604 collegia
975 2516 1033 2582 illa
1050 2515 1278 2582 sustulerunt.
1297 2517 1393 2583 Onus

173 2624 316 2711 quidem
331 2623 367 2691 in
387 2626 503 2709 partes
519 2622 731 2702 dividebant,
755 2626 790 2689 et
805 2622 942 2709 singula
968 2622 1117 2709 singulis
1137 2621 1263 2689 fabulae
1282 2624 1395 2708 provi-

174 2732 302 2799 debant
329 2730 475 2796 actlbus.
521 2729 686 2796 Laborem
725 2730 789 2795 boc
828 2730 929 2795 modo
971 2728 1222 2813 dispensatum,
1248 2748 1394 2816 gravem

175 2841 306 2909 tamen,
332 2836 468 2903 facilius
487 2836 691 2902 tolerabant.
719 2836 785 2902 Sed
810 2835 1084 2920 spectaculorum
1109 2837 1333 2921 perstudiosi‚
1358 2838 1394 2905 id

175 2944 277 3011 laude
289 2943 436 3030 dignum
445 2942 788 3027 putabantexcellere
798 2943 944 3022 caeteris,
958 2946 991 3009 et
1005 2945 1171 3028 apparatu
1189 2947 1395 3029 sumptuoso

176 3050 326 3117 invicem
347 3049 536 3116 certabant.
550 3050 675 3116 Procul
690 3049 794 3117 dubio
810 3050 961 3116 maxime
977 3048 1185 3136 adjuverunt
1206 3051 1249 3116 ad
1268 3053 1395 3137 llyste-

176 3156 309 3224 riorum
338 3156 439 3223 ludos
465 3156 757 3242 praetermodum
782 3156 1022 3241 producendos
1052 3159 1085 3222 ct
1118 3157 1160 3222 ad
1189 3156 1324 3223 fabulas
1360 3159 1397 3226 in

177 3264 350 3350 quoddam
379 3283 519 3331 carmen
546 3263 675 3331 heroici
710 3263 860 3329 similius
894 3282 1000 3348 quam
1036 3263 1218 3353 dramatici
1254 3266 1398 3351 generis

178 3370 436 3437 convertendas.
456 3371 595 3437 Fabulae
610 3390 688 3455 quae
707 3370 743 3436 in
763 3370 998 3436 celeberrimis
1013 3371 1256 3455 llysteriorum
1273 3372 1398 3440 collec-

179 3476 301 3556 taneis,
325 3477 361 3543 id
381 3480 433 3544 est
453 3479 489 3543 in
508 3478 758 3545 Gestrientibus
782 3480 816 3543 et
843 3477 1146 3544 Coventriensibus
1171 3476 1272 3542 libris
1303 3496 1400 3563 repe

178 3583 327 3662 riuntur,
345 3584 405 3649 tali
426 3584 527 3650 niodo
548 3604 566 3650 a
582 3588 814 3651 mercatorum
835 3586 867 3651 et
883 3583 1120 3670 operariorum
1136 3582 1292 3670 collegiis
1311 3589 1400 3654 actae

178 3687 330 3755 fuerunt.
356 3691 534 3774 Nusquam
559 3691 816 3775 Europensium
840 3691 999 3777 gentium
1030 3691 1285 3775 sumptuosiore
1315 3710 1399 3759 cum

178 3795 345 3878 apparatu
369 3793 405 3858 in
436 3813 574 3860 scenam
600 3793 751 3860 inductae
784 3794 939 3875 fuerunt,
970 3799 1004 3861 et
1031 3796 1180 3882 majores
1212 3802 1401 3866 moverunt

179 3899 334 3984 plausus.
355 3900 467 3987 Reges
482 3900 548 3985 ipsi
564 3900 639 3967 haec
658 3902 849 3986 spectacula
867 3903 1064 3982 visitabant,
1088 3903 1174 3987 septi
1193 3921 1262 3968 non
1282 3905 1400 3971 solum

168 4005 351 4090 frequenti
366 4006 545 4087 comitatu,
567 4007 627 4073 sed
643 4007 813 4074 immensa
830 4008 1011 4075 bominum
1031 4008 1267 4074 multitudine.

223 4113 336 4194 Quum
364 4115 490 4198 praeter
519 4131 658 4198 aeqnum
687 4114 882 4181 existimata
914 4114 1055 4182 fuerunt
1083 4133 1120 4180 ea
1145 4133 1223 4199 quae
1246 4114 1400 4185 inludis

180 4218 263 4286 solis
285 4219 437 4286 suaviter
461 4219 620 4286 sensibus
643 4220 885 4303 blandiuntur,
910 4222 1020 4288 multa
1045 4222 1243 4288 acciderunt
1266 4222 1401 4290 incom-

179 4324 294 4390 moda.
320 4324 366 4390 Iis
390 4325 586 4410 posthabita
620 4331 701 4393 sunt
730 4330 864 4407 cuncta,
888 4328 1060 4395 scribendi
1085 4328 1190 4394 etiam
1217 4330 1250 4394 et
1269 4330 1398 4415 agendi

180 4432 283 4497 artes.
314 4431 429 4498 Rebus
466 4433 628 4499 omnibus
665 4434 817 4512 relictis,
852 4436 1047 4502 laboratum
1080 4437 1131 4502 est
1161 4438 1199 4500 ut
1231 4438 1398 4503 cernendi

83 4529 86 4535 ’
180 4554 303 4603 sensus
318 4539 602 4623 permulceretur.
626 4540 826 4626 Scriptores,
845 4545 883 4608 ut
898 4561 1020 4609 verum
1035 4541 1160 4621 dicam,
1178 4541 1211 4608 vi
1227 4559 1266 4606 ac
1280 4559 1401 4608 neces-

181 4642 281 4710 sitate
327 4663 443 4712 rerum
482 4645 589 4711 coacti
628 4651 709 4711 sunt
745 4650 784 4713 ut
820 4649 1013 4731 spectantes
1045 4646 1154 4713 oculis
1193 4645 1397 4713 retinerent.

179 4749 252 4817 Vox
271 4749 423 4816 bominis
443 4769 545 4818 sonos
560 4751 687 4821 emittit
707 4753 766 4840 qui
783 4753 935 4840 spatium
953 4753 1128 4839 quoddam
1143 4770 1213 4821 non
1227 4753 1401 4822 excedunt
