3120 5474
687 381 864 445 -lat-

168 557 217 624 tia
239 554 365 623 afflicta
389 555 446 634 sit,
472 557 506 620 et
528 554 630 639 paulo
653 556 730 638 post
752 572 770 619 e
795 554 866 620 vita
889 552 1048 631 discedit,
1073 570 1205 619 veneno
1230 553 1346 619 sublata.

168 662 377 731 Valesiensis
392 660 536 728 isabella
553 659 692 747 ingenio
709 663 874 745 astraque
893 659 960 725 levi
976 664 1009 725 et
1023 659 1156 740 mobili,
1178 663 1210 726 et
1229 659 1349 725 rationes

169 767 296 853 quibus
310 767 469 833 voluntas
485 783 545 831 sua
561 768 727 844 mutatur,
749 783 811 831 nec
825 768 977 849 apertius
997 769 1199 853 explanatae,
1220 788 1279 836 nee
1297 769 1351 836 veri

170 871 314 955 similae,
332 870 504 937 intuentes
520 870 562 936 ad
577 871 834 938 miserationem
851 892 920 939 nou
935 873 1130 958 impellunt.

213 977 370 1045 Secundo
395 981 489 1053 actu,
515 977 646 1065 Regina
671 979 854 1063 optimates
877 998 957 1046 cum
986 980 1147 1048 Eduardo
1171 982 1206 1048 in
1232 981 1354 1068 gratian

171 1084 334 1153 restituit.
347 1083 546 1168 Impetravit
557 1084 661 1149 etiam
673 1085 716 1150 ab
732 1085 823 1152 iisut
836 1087 1018 1164 Gaveston,
1031 1106 1128 1173 aquo
1142 1106 1199 1154 rex
1215 1085 1356 1154 tamenad

170 1190 361 1277 nequitiam
376 1190 572 1269 adducitur,
590 1191 633 1257 ab
648 1191 769 1258 exsilio
787 1196 1015 1260 revocaretur.
1030 1194 1150 1278 Sperat
1165 1195 1320 1260 istomodo
1332 1210 1359 1258 se

170 1297 328 1386 conjugis
344 1297 397 1363 sui
410 1315 565 1363 amorem
586 1298 811 1382 repetituram
826 1318 912 1364 esse.
929 1300 1058 1387 Regius
1074 1301 1218 1367 nuntius
1234 1298 1360 1368 Eduardi
1431 1362 1434 1389 2

171 1405 379 1473 familiarem
395 1404 596 1470 Hiberniam
619 1409 790 1489 petentem
815 1406 1022 1491 assequitur,
1050 1411 1083 1473 et
1106 1426 1187 1475 eum
1210 1408 1244 1473 in
1268 1407 1363 1472 aulam
1432 1446 1434 1473 ι

170 1512 316 1581 reducit.
338 1513 422 1578 Duae
444 1514 559 1576 autem
585 1510 749 1578 factiones
774 1516 844 1578 tam
869 1514 1133 1580 vehementibus
1157 1514 1246 1580 odiis
1266 1514 1365 1579 incen-

171 1621 313 1698 duntur,
332 1621 369 1685 ut
388 1622 561 1685 certamen
577 1624 758 1685 renovetur
774 1620 831 1686 ubi
848 1620 884 1686 in
898 1623 1081 1705 conspectu
1098 1620 1180 1686 sint.
1197 1616 1369 1706 Optimates

172 1726 333 1791 recusant
349 1742 391 1790 ne
406 1724 632 1790 Gavestonem
646 1725 806 1802 salutent,
824 1729 857 1792 et
872 1744 952 1792 eum
967 1727 1151 1793 verborum
1167 1727 1372 1794 contumeliis

173 1833 336 1898 lacerant.
361 1830 503 1917 Cogitur
524 1830 629 1896 etiam
653 1834 691 1897 ut
710 1832 836 1915 palatio
856 1851 892 1898 se
917 1833 1095 1918 proripiat,
1117 1833 1271 1900 furentes
1295 1834 1377 1900 enim

173 1937 392 2023 optimatese
415 1936 540 2023 vagina
564 1937 721 2023 gladium
747 1938 938 2004 eduxerunt
957 1943 991 2005 et
1014 1940 1065 2026 ei,
1095 1958 1177 2027 rege
1205 1943 1377 2024 praesente,

174 2046 320 2111 mortem
347 2038 564 2108 minitantur.
591 2044 725 2110 Bellum
750 2045 901 2129 erumpit
924 2047 957 2110 et
980 2045 1175 2129 optimates
1204 2047 1265 2132 qui
1291 2065 1382 2131 supe-

175 2152 283 2218 riores
297 2149 333 2215 in
349 2149 467 2235 praelio
483 2152 580 2228 sunt,
607 2150 838 2234 insequuntur
861 2151 1104 2232 Gavestonem,
1125 2153 1182 2219 oui
1208 2154 1386 2220 Eduardus

177 2275 277 2324 suam
291 2258 429 2341 neptem
439 2255 651 2340 despondere
662 2275 767 2323 ausus
778 2260 862 2334 erat,
876 2263 909 2324 et
919 2277 999 2325 eum
1011 2262 1151 2345 captum
1166 2260 1202 2325 in
1217 2279 1386 2328 carcerem

176 2363 372 2430 includunt.

221 2470 335 2552 Quum
354 2468 502 2534 aulaeum
521 2487 642 2535 rursus
657 2469 819 2549 mittitur,
838 2472 1007 2537 Gaveston
1022 2472 1065 2538 ad
1085 2473 1392 2540 Pembrokiensem

177 2575 352 2654 comitem,
378 2593 445 2659 quo
470 2575 637 2641 retinetur
660 2577 697 2642 in
719 2577 881 2656 vinculis,
907 2578 1102 2646 adducitur.
1128 2581 1243 2646 Exeo
1268 2581 1394 2666 quaerit
1430 2636 1431 2639 η

178 2700 263 2749 num
280 2699 399 2769 regem
415 2681 554 2747 visurus
568 2682 625 2748 sit.
642 2684 688 2750 At
701 2683 760 2750 ille
774 2683 957 2751 ferociter:

226 2790 388 2876 «Regem
402 2789 587 2868 calestem,
608 2788 706 2868 torte,
724 2790 848 2875 inquit,
867 2791 975 2858 alium
991 2796 1119 2872 autem,
1135 2811 1330 2879 nunquam.
1352 2821 1367 2854 »

224 2897 268 2962 Et
277 2894 377 2981 jubet
392 2896 522 2969 milites
536 2914 616 2962 eum
631 2897 788 2983 abripere
803 2903 837 2965 et
850 2917 985 2966 necare.

224 3004 337 3086 Quum
370 3002 468 3069 audit
497 3004 722 3070 Gavestonem
753 3006 921 3090 supplicio
953 3005 1076 3089 capitis
1106 3005 1270 3072 affectum
1300 3026 1398 3087 esse,

181 3109 365 3177 Eduardus
393 3110 510 3176 dolore
542 3110 682 3177 tandem
717 3114 751 3176 et
782 3112 833 3178 ira
865 3116 1075 3191 commotuS,
1106 3112 1222 3179 virum
1249 3132 1286 3179 se
1308 3133 1400 3199 prae-

181 3217 249 3283 bet.
275 3218 491 3302 compellans
516 3235 627 3284 unum
654 3235 695 3283 ex
719 3219 965 3303 optimatibuS,
988 3219 1152 3304 juvenem
1176 3220 1236 3303 qui
1262 3222 1402 3307 regiam

181 3322 286 3391 fidem
310 3327 448 3391 secutus
472 3327 540 3402 est,
566 3327 599 3390 et
618 3323 693 3409 jam
718 3344 815 3410 aeque
839 3345 878 3392 ao
901 3327 1088 3404 Gaveston,
1117 3326 1210 3412 regis
1237 3327 1402 3395 animum

182 3433 348 3518 occupat:

301 3641 397 3704 Edm.
409 3643 628 3704 Treaeherous
644 3642 827 3705 Warwickl
843 3643 1016 3705 traitorous
1027 3644 1211 3706 Mortimerl
1224 3646 1401 3725 exclamat,

303 3738 333 3801 Ii
345 3743 358 3801 Ι
375 3740 412 3801 ba
427 3740 601 3820 England's
616 3741 707 3821 king,
723 3741 756 3801 in
769 3742 858 3802 lakes
873 3739 908 3803 oi
918 3760 996 3822 gore

303 3839 392 3899 Your
406 3838 552 3901 headless
565 3841 691 3914 trunks,
707 3858 789 3918 your
803 3838 912 3901 bodies
926 3840 992 3900 will
1008 3842 1021 3900 Ι
1033 3839 1116 3910 trail,

302 3937 385 3998 That
395 3955 458 4016 you
473 3956 548 4017 may
562 3938 657 3998 drink
672 3956 753 4017 your
767 3938 823 4016 fill,
840 3937 903 3999 and
915 3939 1004 4018 quati
1012 3938 1043 3998 in
1059 3937 1161 4010 blood,

303 4034 376 4095 And
390 4035 474 4097 stain
490 4056 545 4115 my
559 4037 648 4115 royal
663 4035 814 4098 standard
828 4036 907 4097 with
922 4036 975 4097 the
989 4055 1089 4109 same,

303 4133 386 4195 That
401 4151 437 4194 so
452 4153 506 4213 my
518 4133 632 4214 bloody
644 4135 771 4196 colours
787 4153 861 4214 may
876 4143 1009 4213 suggest

304 4231 557 4294 Ramambranee
572 4230 606 4293 of
614 4251 753 4313 ravenge
767 4233 961 4311 immortally

304 4331 356 4392 On
370 4349 451 4410 your
464 4331 616 4393 aecursed
631 4330 802 4393 traitorous
816 4350 969 4412 progeny,

304 4430 375 4492 You
391 4429 528 4508 villains,
546 4430 613 4491 that
630 4430 712 4491 have
724 4430 806 4492 slain
822 4451 876 4509 my
891 4430 1075 4492 Gavestonl

304 4526 426 4589 Audin
439 4527 503 4589 this
518 4529 606 4609 place
620 4525 655 4589 of
664 4528 791 4589 honour
805 4527 867 4590 and
882 4526 916 4589 of
927 4537 1019 4606 trust,

306 4624 457 4706 Spancar,
473 4635 572 4688 swaet
587 4626 738 4708 Spencer,
754 4629 766 4687 l
783 4625 876 4707 adopt
891 4626 962 4688 thee
976 4626 1053 4686 here
1069 4645 1075 4684 :

305 4723 379 4784 And
392 4725 513 4804 merely
527 4723 562 4787 of
570 4743 630 4787 our
644 4726 715 4786 love
730 4743 780 4786 we
795 4724 834 4787 do
849 4732 953 4786 create
969 4725 1038 4785 thee
