3120 5474
314 890 393 1051 ll
441 889 875 1056 llllllllllt
922 891 1191 1055 llrulls

663 1776 801 1843 CAPUT
830 1778 844 1842 I

182 2046 244 2108 De
264 2051 387 2107 scena
405 2042 637 2107 britannica
653 2044 704 2108 ab
719 2043 834 2108 initio
853 2061 983 2127 usque
1005 2043 1057 2109 ad
1070 2045 1323 2111 Marloviana

229 2150 233 2158 ’
660 2158 847 2242 tempora

188 2388 292 2472 Apud
308 2387 503 2466 Britannos
521 2388 559 2453 ut
573 2387 665 2472 apud
685 2389 826 2454 caeteros
841 2387 1059 2474 Europenses
1084 2389 1227 2474 populos
1247 2388 1307 2474 qui
1327 2409 1363 2457 se

138 2496 282 2560 mature
308 2494 349 2560 ad
375 2493 582 2560 christianas
611 2493 797 2579 religiones
831 2497 1092 2576 converterunt,
1128 2495 1254 2562 fabulae
1286 2515 1364 2581 quae

138 2601 300 2688 primum
321 2600 357 2666 in
377 2617 515 2666 scenam
535 2602 620 2666 actae
643 2598 801 2678 luerunt,
828 2600 1001 2687 originem
1024 2620 1123 2667 suam
1148 2602 1323 2668 duxerunt
1345 2620 1363 2668 e

138 2708 249 2773 rebus
264 2705 405 2773 divinis
424 2706 487 2787 Qui
504 2707 581 2771 illas
601 2707 864 2791 componebant,
887 2726 927 2773 ex
949 2708 1012 2774 hac
1034 2727 1102 2774 una
1121 2728 1158 2775 re
1174 2709 1363 2774 maximam
1398 2710 1401 2715 '

138 2813 284 2880 laudem
312 2831 433 2896 capere
458 2813 658 2892 studebant,
687 2813 715 2878 si
741 2813 909 2900 religione
939 2813 1186 2898 perfunderent
1214 2815 1361 2881 animos.

138 2921 258 2986 Sacrae
291 2918 416 2985 fabulae
455 2918 646 3004 agebantur
674 2937 692 2984 a
722 2920 959 2986 sacerdotibus
987 2921 1024 2986 in
1053 2922 1192 3006 templis
1221 2940 1289 2987 non
1320 2921 1362 2988 ad

138 3025 400 3103 oblectandum,
419 3023 478 3091 sed
498 3026 540 3091 ad
558 3025 765 3092 docendum.
788 3026 904 3093 Primo
924 3026 1029 3093 etiam
1050 3032 1214 3113 tempore,
1236 3027 1364 3094 scenici
1392 3036 1395 3040 ‘

138 3131 218 3199 ludi
235 3131 445 3217 religionum
460 3149 540 3215 pars
556 3131 696 3198 suerunt
710 3133 870 3217 quaedam
884 3135 918 3199 et
932 3133 1023 3200 inter
1039 3135 1193 3200 solennia
1212 3134 1363 3201 celebra·

138 3240 283 3306 bantur.
317 3238 400 3318 Quae
429 3237 466 3302 in
502 3237 603 3303 libris
636 3239 765 3305 sanctis
795 3243 1034 3306 memorantur
1063 3241 1105 3307 de
1133 3241 1219 3308 viris
1252 3241 1362 3307 beatis

139 3362 295 3430 quorum
311 3344 505 3410 sacerdotes
520 3344 594 3411 dies
610 3343 714 3411 festos
735 3346 894 3432 agebant,
916 3345 1040 3413 deinde
1059 3346 1168 3414 oculis
1188 3347 1364 3431 proposita

139 3451 298 3530 luerunt,
317 3453 356 3517 ut
371 3449 531 3516 mirabile
551 3451 749 3538 archangeli
771 3452 939 3540 Gabrielis
956 3452 1088 3533 visum,
1105 3453 1160 3520 vel
1175 3472 1364 3520 concursus

140 3576 271 3645 regum
286 3560 319 3623 et
333 3561 511 3642 pastorum
526 3557 587 3641 qui
601 3557 734 3625 visendi
751 3559 833 3625 Jesu
852 3559 966 3646 gratia
981 3560 1157 3627 Bethleem
1183 3563 1363 3639 venerunt,

127 3650 198 3733 'vel
219 3663 346 3730 Christi
364 3667 397 3728 et
411 3666 507 3730 ortus
522 3666 556 3729 et
570 3664 614 3731 ad
629 3663 735 3731 vitam
757 3666 940 3733 revocatio.
1409 3725 1413 3731 .

190 3769 420 3836 Pantomimis
442 3770 513 3836 illis
533 3770 593 3855 qui
611 3771 771 3837 cantibus
792 3772 976 3857 aliquando
997 3772 1266 3853 adornabantur,
1284 3773 1365 3840 soli·
1465 3823 1469 3829 .

140 3877 262 3962 loquia
288 3875 448 3962 adjuncta
472 3880 554 3943 sunt
572 3876 626 3944 vel
645 3896 874 3961 personarum
898 3878 989 3946 inter
1014 3897 1050 3944 se
1073 3880 1262 3964 colloquia,
1288 3899 1367 3965 quae

140 4003 227 4052 mox
242 3983 278 4049 in
293 3982 428 4049 fabulas
445 4001 609 4049 conversa
626 3987 707 4050 sunt
721 4003 833 4064 veras,
851 3988 885 4050 et
902 3986 1008 4051 latina
1028 4005 1197 4070 prosaque
1212 3987 1366 4052 oratione

141 4088 293 4158 reddita.
312 4089 374 4155 His
391 4090 427 4155 in
443 4088 570 4157 fabulis
589 4091 685 4156 nulla
706 4090 981 4175 proferebantur,
998 4092 1067 4158 nisi
1083 4110 1101 4158 e
1122 4094 1250 4159 sanctis
1266 4093 1366 4159 libris

141 4199 322 4281 excerpta,
355 4199 415 4262 aut
443 4196 504 4262 Dei
529 4197 624 4263 cultu
649 4200 859 4265 consecrata.
886 4199 951 4265 Sed
975 4199 1195 4284 aliquatenus
1219 4199 1367 4271 remissa

142 4303 213 4371 suit
233 4303 334 4387 paulo
354 4308 431 4386 post
450 4303 503 4368 lex
530 4303 733 4369 inclemens.
759 4304 856 4370 Dicta
882 4305 958 4385 illa,
980 4305 1098 4371 latinis
1118 4305 1276 4372 versibus
1295 4305 1366 4390 pri-

142 4427 245 4477 mum
273 4408 447 4488 mandata,
472 4408 509 4474 in
529 4409 658 4493 patrias
679 4409 812 4475 litteras
832 4409 957 4477 deinde
978 4411 1143 4477 translata
1164 4410 1315 4490 fuerunt,
1333 4415 1367 4478 et

142 4515 207 4602 qui
224 4514 358 4581 fabulas
373 4515 452 4581 illas
467 4518 715 4594 tractaverunt,
731 4516 892 4601 quamvis
907 4517 950 4582 ab
966 4520 1171 4604 argumento
1186 4518 1277 4601 quod
1294 4522 1368 4583 erat

142 4621 363 4711 propositum
378 4638 447 4687 non
463 4621 673 4703 aberrarent,
694 4622 799 4689 verba
820 4625 936 4689 tamen
955 4622 1083 4708 quibus
1103 4641 1158 4688 res
1177 4623 1367 4689 narraban-

84 4782 88 4787 .
143 4735 206 4798 tur
219 4731 253 4794 et
269 4728 443 4815 postremo
458 4728 610 4794 minores
626 4746 743 4795 rerum
764 4728 917 4815 ipsarum
936 4731 1051 4816 partes
1072 4730 1305 4798 mutaverunt.
1327 4730 1366 4797 In

1208 4849 1225 4908 1
