3120 5474
695 475 854 539 ..18-

170 642 406 732 (Menestrels)
422 646 549 713 vocatis
564 644 700 731 adjutos
720 644 827 711 luisse
840 648 864 709 ยน.
892 645 1010 711 Larvae
1029 647 1237 711 tamencum
1251 643 1362 729 myste-

167 752 242 829 riis,
273 752 449 819 miraculis
477 754 511 818 et
537 750 662 818 sabulis
691 750 818 838 quibus
848 767 975 816 nomen
1006 748 1183 836 Papeont,
1217 749 1363 833 quaedam

167 857 329 925 habuisse
356 858 554 925 communia
583 857 757 923 videntur.
794 855 1007 937 Quibusdam
1030 855 1124 921 enim
1147 854 1184 920 in
1207 854 1367 941 llysteriis

166 963 297 1029 cantica
326 963 583 1040 inscrebantur,
608 966 641 1029 et
665 962 700 1027 in
725 960 841 1028 codiee
865 960 924 1046 qui
949 960 1154 1046 mysterium
1179 962 1233 1028 De
1254 960 1369 1027 Abelis

166 1072 282 1135 morte
299 1069 502 1153 inscriptum
519 1069 683 1144 continet,
694 1069 995 1134 notamemoratur
1010 1066 1141 1133 cantica
1157 1066 1215 1132 illa
1230 1068 1371 1151 quatuor

167 1174 307 1241 vocibus
323 1178 458 1241 cantata
474 1174 593 1240 luisse.
610 1173 806 1240 Verisimile
821 1174 873 1237 est
896 1172 958 1238 hos
973 1177 1094 1239 cantus
1117 1171 1252 1239 additos
1274 1171 1375 1237 fuisse

167 1299 275 1365 quum
304 1281 467 1367 mysteria
501 1281 736 1365 miraculaque
765 1279 801 1345 in
834 1278 1027 1363 spectacula
1049 1277 1176 1363 quibus
1197 1282 1377 1364 papeoots

167 1403 306 1465 nomen,
335 1405 500 1453 conversa
526 1386 670 1463 luerint,
694 1384 785 1469 quod
813 1398 913 1451 voces
940 1403 1060 1451 eorum
1080 1384 1140 1469 qui
1166 1387 1283 1469 partes
1306 1402 1379 1471 age-

165 1491 250 1557 bant
265 1509 334 1558 non
351 1492 425 1557 sine
441 1509 568 1577 magno
587 1491 703 1557 labore
717 1489 940 1557 celeberrimo
955 1490 1109 1556 virorum
1124 1489 1378 1575 mulierumque

165 1602 335 1664 conventu
352 1598 567 1664 audirentur.
584 1599 779 1681 Antequam
794 1596 836 1663 ad
853 1599 1023 1681 postrema
1040 1597 1252 1680 spectacula,
1271 1595 1309 1663 id
1330 1599 1380 1662 est

166 1703 208 1769 ad
243 1707 437 1789 pupounts,
477 1702 702 1779 declinarent,
737 1703 849 1770 eonati
877 1702 1012 1768 suntsi
1043 1702 1185 1787 picturae
1216 1702 1381 1768 scenariae

165 1809 408 1885 ornatissime,
440 1808 634 1894 magnificae
657 1811 768 1874 vestes
796 1813 830 1873 et
857 1813 980 1874 cantus
1005 1808 1040 1872 in
1070 1808 1184 1874 locum
1209 1808 1382 1875 sermonis

166 1914 332 1980 contracti
353 1914 404 1979 vel
423 1914 528 1978 ablati
547 1913 663 1997 reponi
681 1916 832 1998 possent.
858 1914 953 1993 Quod
978 1912 1052 1978 sine
1073 1912 1179 1979 dubio
1200 1913 1314 1980 valuit
1341 1913 1382 1980 ad

166 2023 375 2104 spectantes,
415 2038 521 2085 morae
558 2019 793 2104 impatientes,
824 2018 1024 2104 placandos,
1058 2018 1118 2084 sed
1147 2018 1322 2084 auxilium
1348 2019 1385 2085 in

165 2125 269 2191 breve
292 2129 428 2209 tempus
451 2125 539 2191 tulit.
567 2124 683 2192 Velint
706 2125 829 2204 nolint,
854 2123 1023 2191 inlocum
1040 2123 1195 2209 mysterii
1214 2124 1386 2191 suecessit

163 2236 338 2316 peceant,
360 2233 393 2297 et
414 2231 477 2297 hoc
494 2231 728 2314 spectaculum
747 2229 854 2296 ferme
870 2231 982 2296 solum
1002 2248 1113 2314 usque
1135 2230 1179 2296 ad
1204 2230 1384 2298 Elisabeth

167 2335 399 2422 principatum
421 2336 538 2402 nituit.
559 2337 723 2420 Tempore
742 2339 857 2402 autem
881 2334 940 2401 illo
962 2354 1081 2402 rarum
1101 2335 1140 2401 fit
1164 2337 1197 2401 et
1218 2336 1382 2404 senescit.

164 2442 250 2507 Tum
289 2440 502 2528 confugitur,
541 2444 580 2508 ut
612 2444 804 2526 spectantes
843 2445 1061 2520 revocentur,
1097 2459 1167 2508 non
1199 2441 1244 2508 ad
1280 2460 1384 2528 opem

166 2546 413 2632 mysteriorum
428 2547 585 2613 cantibus
601 2547 810 2613 insertorum
825 2565 903 2630 quae
917 2550 1000 2613 tunc
1010 2546 1127 2631 jacent
1141 2547 1178 2612 in
1192 2546 1382 2627 oblivione,

166 2652 226 2718 sed
251 2651 294 2717 ad
318 2651 442 2729 larvas
469 2651 652 2735 profanum
676 2671 787 2738 genus
802 2651 901 2719 novis
916 2652 1030 2737 aptius
1054 2652 1223 2732 moribuS,
1248 2653 1384 2739 quaein

167 2774 305 2824 scenam
334 2757 576 2838 restituuntur,
604 2757 657 2824 vel
683 2758 806 2824 saltem
830 2758 1043 2824 reducuntur
1071 2757 1210 2843 saepius,
1234 2758 1380 2840 etenim,

166 2867 205 2929 ut
239 2862 412 2948 opinatur,
444 2865 519 2928 tum
547 2863 651 2931 etiam
681 2882 791 2949 quum
816 2869 998 2950 peceants
1023 2865 1175 2931 maxime
1201 2864 1380 2945 florerent,

165 2986 414 3054 nonnunquam
429 2967 631 3054 agebantur.

196 3207 205 3243 ยน
223 3203 347 3266 Wartou,
360 3203 410 3255 loc.
425 3203 471 3268 cit,
484 3204 536 3256 vol.
552 3206 583 3268 ll,
599 3219 625 3270 p.
641 3205 679 3256 19.
