3120 5474
681 382 857 447 ..155-

166 555 327 621 Judoeum
350 555 489 623 inducta
514 555 630 622 fuerit.
651 555 781 636 Quibus
800 558 913 623 aulem
933 573 953 621 e
971 554 1087 633 rebus,
1104 556 1204 622 tertio
1217 556 1345 621 dramate

168 666 254 739 acto,
271 666 514 749 argumentum
531 662 763 728 miserabilius
779 667 812 727 et
827 661 1041 727 immanitate
1056 663 1191 746 plenius
1205 661 1347 746 sumpsis·

169 764 245 833 set‘l
266 767 373 846 Tunc,
399 769 473 834 sino
499 768 620 846 dubio,
652 786 714 834 suo
741 785 857 834 rerum
880 767 1069 833 nimiarum
1099 768 1211 835 studio
1235 770 1349 846 ductus,

169 872 314 940 fabricas
333 874 441 941 foedas
463 880 497 940 et
521 875 688 941 horrenda
713 875 838 942 scelera
865 875 900 939 in
924 873 1036 959 maJus
1057 875 1199 941 extollit.
1221 874 1354 941 servant

168 984 363 1065 quoquest
394 980 534 1066 perfecit
562 984 654 1047 artes
680 981 751 1067 jam
780 981 940 1066 probatas
967 981 1095 1064 quibus
1122 986 1237 1059 antea,
1264 997 1356 1066 quun

169 1085 396 1152 parisiensem
424 1091 553 1154 caedem
581 1088 764 1165 scriberet,
795 1087 918 1154 callide
947 1105 1031 1152 usus
1056 1092 1141 1153 erat.
1168 1088 1216 1154 Ex
1243 1085 1359 1154 eventis

169 1196 201 1257 et
215 1192 314 1258 nodis
330 1194 406 1277 plus
421 1212 518 1278 aequo
535 1195 719 1281 congestis,
743 1197 775 1258 et
794 1212 812 1259 e
832 1194 933 1259 citato
955 1211 1071 1259 rarum
1095 1199 1129 1259 et
1152 1209 1362 1278 personarum

169 1317 273 1365 cursu
296 1300 338 1365 ad
362 1301 560 1388 argumenti
587 1300 717 1366 exitum
747 1298 906 1385 quaesivit
934 1299 1083 1366 rationes
1110 1301 1153 1366 ad
1181 1299 1364 1368 delectatio-

169 1423 248 1471 nem
276 1407 503 1491 spectantium
533 1409 629 1492 aptas
657 1424 744 1490 quas
768 1406 832 1473 sibi
860 1424 927 1473 non
959 1406 1079 1472 eadem
1113 1424 1192 1473 cum
1223 1406 1368 1473 ubertate

169 1518 411 1598 argumentum
436 1516 469 1579 et
489 1520 604 1598 parles
627 1513 834 1597 praebebant.
861 1514 935 1579 Uno
958 1516 1092 1591 tenore,
1119 1518 1157 1579 ut
1180 1513 1227 1579 ita
1248 1513 1368 1590 dicam,

119 1655 121 1659 2
169 1617 320 1686 fabulam
344 1638 362 1684 a
387 1620 636 1687 recentioribus
666 1620 891 1685 melodrame
914 1623 1069 1685 vocatam
1098 1619 1245 1696 invenit,
1275 1622 1311 1685 et
1334 1618 1372 1684 ad

169 1743 245 1791 eam
269 1725 513 1793 inveniendam
536 1726 721 1811 perductus
744 1724 810 1791 fuit
829 1725 1031 1792 necessitate
1055 1725 1264 1810 experiendi,
1293 1725 1374 1792 dum

170 1835 260 1897 artes
283 1832 417 1897 animos
440 1834 677 1915 permoventes
703 1831 855 1916 undique
878 1836 1058 1915 quereret,
1079 1831 1195 1898 omnia
1210 1832 1376 1898 dramatis

78 2013 81 2018 ,
169 1938 401 2025 novigenera.

213 2045 432 2112 Scenicorum
448 2045 617 2130 postulata
631 2044 718 2111 mihi
733 2045 893 2112 videntur
903 2045 1045 2130 insuper
1055 2047 1198 2113 reddere
1209 2046 1377 2112 rationem

170 2170 233 2218 cur
251 2150 294 2216 de
311 2151 368 2218 via
387 2154 478 2218 recta
503 2151 671 2218 declinata
695 2150 799 2218 fuerit
823 2151 938 2218 fabula
964 2151 1180 2237 cujusnam,
1206 2170 1268 2237 per
1293 2152 1378 2219 duos

170 2257 301 2340 primos
324 2261 432 2334 actus,
449 2256 596 2323 tirmiter
619 2261 652 2322 et
676 2256 798 2324 callide
822 2258 973 2324 intricati
994 2257 1165 2344 solutique
1188 2257 1327 2325 fuerant
1348 2263 1380 2325 et

170 2364 461 2447 quemadmodum
482 2363 625 2430 insulsis
644 2363 781 2429 casibus
804 2370 838 2431 et
856 2365 1015 2431 sordibus
1038 2365 1260 2432 mimicarum
1283 2365 1377 2450 inep-

170 2469 297 2534 tiarum
316 2472 475 2553 corrupta
491 2469 548 2535 sit.
571 2469 856 2553 Exspostularunt
879 2470 954 2537 sine
976 2471 1137 2538 dubiosa
1161 2489 1240 2555 quae
1260 2470 1335 2556 jam
1358 2489 1378 2537 a

170 2575 331 2641 Marlovio
346 2575 623 2660 impetraverant,
639 2594 747 2660 quum
763 2578 1005 2643 Tamerlanum
1021 2580 1056 2643 et
1070 2579 1237 2644 Faustum
1256 2578 1292 2643 in
1309 2595 1379 2644 sce·

172 2699 252 2746 nam
272 2681 489 2749 induxissent
507 2687 541 2749 et
559 2686 642 2749 tune
660 2701 730 2750 non
745 2685 858 2750 solum
882 2684 1076 2770 petiverunt
1100 2688 1139 2753 ut
1165 2684 1202 2750 in
1226 2684 1379 2751 fabulam

171 2806 270 2853 suam
303 2789 470 2855 insereret
502 2807 621 2856 scenas
650 2790 814 2857 scurriles
841 2810 927 2876 quas
956 2791 1056 2858 facile
1082 2794 1200 2877 postea
1229 2790 1380 2858 recidere

171 2895 351 2978 potuisset,
386 2897 577 2962 sedetiam
605 2897 636 2962 ei
675 2897 913 2982 imposuerunt
947 2899 1187 2965 necessitatem
1221 2896 1380 2965 mutandi

170 3005 415 3090 argumentum
440 3003 553 3088 ipsum
579 3006 611 3069 et
636 3003 787 3070 fabulam
813 3005 949 3089 penitus
966 3006 1220 3090 corrumpendi.
1248 3005 1380 3072 Scenici

171 3111 286 3174 tamen
299 3109 432 3193 aliquid
447 3111 678 3176 excusationis
703 3111 839 3189 babent,
866 3112 909 3178 iis
934 3113 1027 3178 enim
1051 3130 1191 3178 necesse
1214 3120 1289 3179 erat
1313 3128 1382 3179 non

166 3200 284 3282 solum
314 3215 549 3283 satisfacerent
581 3216 752 3283 desiderio
785 3218 895 3302 plebis
923 3219 1144 3286 mimicarum
1167 3219 1380 3304 ineptiarum

172 3320 390 3406 pestudiosae‚
416 3322 597 3388 sedetiam
621 3328 847 3389 caverent'ne
867 3325 1040 3410 judicium
1059 3325 1133 3411 eJus
1150 3324 1328 3404 laedarent‚
1345 3327 1381 3392 in

172 3442 310 3507 scenam
343 3428 536 3496 inducendo
567 3430 724 3497 Judaeum
759 3431 860 3518 longe
893 3432 1066 3517 disparem
1095 3433 1242 3519 imagini
1277 3432 1382 3518 hujus

171 3551 326 3617 personae
353 3553 457 3619 quam
487 3535 634 3619 majores
660 3536 884 3603 tradiderant.
912 3539 994 3619 Quae
1017 3554 1179 3622 persona,
1205 3543 1238 3604 et
1263 3535 1381 3606 odiosa

171 3643 204 3705 et
228 3641 376 3724 stupida,
398 3658 466 3706 non
491 3642 589 3708 aliter
614 3642 704 3726 plebi
733 3646 831 3728 grata
860 3647 944 3722 erat,
975 3645 1044 3711 nisi
1068 3645 1202 3710 cunctis
1231 3645 1381 3712 ludibrio

172 3743 286 3811 fuerit.
305 3745 340 3811 Si
355 3745 504 3812 Barabas
519 3747 685 3832 usquead
700 3747 804 3815 finem
824 3749 949 3816 fabulae
972 3745 1217 3834 permansisset
1232 3751 1269 3817 in
1284 3750 1380 3817 fasti-

170 3850 265 3918 diosa
282 3852 440 3935 superbia
455 3857 489 3918 et
508 3853 545 3918 in
569 3854 647 3920 odio
671 3855 939 3922 christianornm
961 3855 1089 3941 quibus
1115 3875 1175 3941 per
1199 3855 1288 3923 duos
1311 3857 1381 3942 pri-

171 3974 246 4023 mos
261 3961 357 4024 actus
373 3958 567 4026 incenditur
582 3964 615 4027 et
629 3979 709 4028 eum
730 3962 865 4028 consilii
881 3964 1022 4047 plenum
1041 3978 1320 4048 propensumque
1339 3964 1382 4030 ad

171 4064 368 4130 audendum
389 4063 552 4144 efficiunt,
574 4067 758 4134 Marlovius
787 4069 861 4135 sine
888 4070 994 4136 dubio
1021 4069 1214 4155 perieulum
1239 4070 1383 4136 adiisset

172 4169 281 4252 plebis
296 4169 449 4255 opinioni
468 4173 721 4240 contradicendi
737 4178 770 4240 et
784 4175 873 4241 iram
892 4174 966 4261 ejus
980 4173 1185 4242 concitandi.
1321 4243 1322 4246 ,

215 4275 411 4342 Verisimile
425 4278 476 4342 est
495 4278 648 4343 scenicos
664 4279 700 4344 in
715 4280 778 4347 boc
793 4281 985 4364 periculum
1008 4300 1044 4347 se
1063 4281 1189 4347 inferre
1213 4281 1379 4362 noluisse,

172 4383 204 4445 et
218 4380 261 4446 ab
277 4381 376 4447 initio
391 4382 481 4448 tertii
498 4384 606 4456 actus,
623 4386 814 4468 praesertim
831 4387 865 4452 in
882 4388 993 4453 scenis
1008 4386 1135 4472 quibus
1150 4386 1264 4453 fabula
1282 4406 1380 4472 pera-

172 4485 278 4572 gitur,
295 4505 438 4570 persona
462 4490 602 4566 omnino
619 4494 784 4558 mutatur.
804 4495 950 4558 Barabas
970 4493 1188 4578 particepsfrt
1206 4495 1380 4561 malarum

172 4592 299 4658 artium
311 4611 387 4676 quae
402 4601 533 4662 cunctae
549 4599 583 4662 in
598 4599 784 4683 perniciem
801 4616 898 4666 suam
910 4597 1381 4684 vertunturetquibusvicis-

173 4699 238 4764 sim
272 4697 401 4766 famulo
438 4703 673 4787 meritricique
709 4705 859 4772 ludibrio
890 4709 954 4773 est.
989 4706 1170 4773 Comoedus
1204 4706 1380 4774 notissimi
