3120 5474
708 389 884 455 -tot-

163 559 291 630 fuisse
307 562 413 629 aliam
432 560 618 630 editionem
636 560 761 652 (1597),
782 583 801 631 a
820 562 1007 650 Langbano
1026 563 1060 628 et
1079 558 1258 630 Hallivelle
1275 557 1396 649 (Halli-

163 668 276 758 well)
292 669 494 748 indicatam,
518 668 617 755 cujus
635 668 948 757 Cunninghamus¹
967 668 1109 736 titulum
1125 669 1344 755 transcripsit
1358 686 1399 735 ex

165 778 341 863 exemplo
358 796 378 844 a
392 778 507 862 Payno
522 776 665 872 Colliero
681 780 827 844 servato.

222 886 294 951 Pro
325 886 420 952 certo
447 884 615 950 habemus
643 882 795 969 priorem
822 881 948 950 fabulae
974 886 1108 968 partem
1137 882 1227 968 typis
1255 881 1399 949 manda-

167 994 256 1058 tam
271 991 381 1058 fuisse
404 1009 494 1058 anno
514 990 701 1057 millesimo
723 990 972 1057 sexcentesimo
993 990 1114 1075 quinto
1135 988 1269 1077 (lbhb);
1287 992 1399 1074 poste-

166 1099 311 1164 riorem
329 1116 421 1164 anuo
437 1100 611 1183 sequente,
632 1099 665 1164 et
693 1097 831 1182 utrique
850 1095 968 1163 titulos
987 1113 1094 1164 novos
1114 1095 1258 1181 scriptos
1278 1094 1398 1161 fuisse.

169 1202 482 1288 Hujuseditionis
508 1201 614 1289 (in-4⁰)
637 1202 816 1269 volumina
841 1206 1026 1287 supersunt
1049 1201 1086 1268 in
1109 1202 1320 1270 Bibliotheca
1345 1201 1401 1268 cui

169 1327 312 1375 nomen
328 1309 474 1378 Britt'sh
488 1311 654 1377 Muscam
668 1315 701 1375 et
716 1309 806 1376 inter
820 1309 927 1375 libros
942 1328 960 1375 a
976 1309 1108 1375 llalono
1123 1310 1294 1375 collectos.
1307 1312 1401 1376 Inter

175 1417 262 1495 hos
280 1416 464 1483 inventum
478 1415 544 1482 fuit
558 1434 693 1501 quoque
711 1433 819 1481 unum
835 1415 958 1500 primae
973 1415 1135 1483 editionis
1149 1417 1323 1485 volumen.

223 1523 345 1590 Prima
361 1525 396 1590 et
410 1523 559 1590 secunda
575 1522 680 1588 editio
695 1522 737 1588 ab
753 1523 874 1589 eodem
890 1523 1102 1610 typographo
1116 1524 1223 1609 praelo
1238 1523 1401 1610 subjectae

172 1631 335 1697 fuerunt.
358 1630 474 1697 Editio
492 1647 582 1696 anno
601 1629 790 1696 millesimo
812 1630 1063 1696 sexcentesimo
1086 1610 1206 1715 quinto
1230 1632 1342 1720 (1605)
1367 1636 1402 1699 et

174 1756 273 1804 anno
304 1742 470 1823 sequente
497 1737 675 1823 divulgata
705 1739 778 1802 orta
806 1755 881 1803 esse
909 1736 1047 1803 videtur
1070 1756 1110 1804 ex
1134 1737 1283 1804 editione
1311 1756 1401 1804 auno

174 1844 371 1912 millesimo
390 1843 670 1932 quingentesimo
694 1843 919 1930 nonagesimo
943 1843 979 1910 in
1004 1845 1130 1932 vulgus
1153 1845 1292 1912 emissa.
1319 1844 1401 1930 Ejus

178 1956 303 2019 autem
323 1952 492 2037 scriptum
512 1949 612 2016 novis
627 1949 780 2015 abundat
795 1948 943 2015 mendis

182 2099 186 2106 ·
227 2061 256 2125 A
279 2059 375 2125 nullo
398 2061 477 2124 ante
497 2055 713 2134 llarlovium,
739 2057 777 2122 ut
800 2056 932 2140 opinor,
959 2056 1183 2123 Tamerlanus
1203 2057 1239 2123 in
1263 2075 1400 2124 scenam
1498 2130 1500 2138 ,

180 2166 359 2232 inductus·
377 2164 501 2230 iuerat.
532 2164 606 2230 Uno
636 2166 712 2248 post
740 2163 880 2242 saeculo,
911 2167 989 2229 ante
1023 2164 1252 2248 spectantium
1284 2164 1401 2231 oculos

182 2273 350 2339 reductus
364 2271 441 2338 luit.

228 2434 240 2462 ι
265 2412 290 2472 Α
308 2412 357 2470 Mr
373 2409 505 2470 Charles
523 2408 686 2470 Sauuders
706 2409 906 2478 Tamerlane‚
928 2407 1031 2490 inquit
1054 2409 1169 2488 Dycins
1184 2406 1206 2488 ²,
1231 2407 1321 2488 (aiter
1344 2408 1401 2472 ha-

181 2508 262 2588 ving
277 2507 356 2570 been
372 2506 472 2579 acted,
489 2506 565 2568 with
581 2526 600 2568 a
615 2508 775 2588 Prologus
788 2505 825 2586 by
841 2505 975 2586 Dryden)
996 2520 1067 2568 was
1091 2507 1216 2588 printed
1230 2507 1263 2568 in
1278 2506 1367 2570 1681.
1385 2532 1398 2564 o

229 2653 395 2736 Quamvis
426 2655 651 2720 Tamerlanus
684 2654 827 2740 plausus
863 2653 1081 2722 excitavisset
1113 2654 1261 2741 majores
1296 2674 1401 2740 quam

181 2761 328 2849 plausus
347 2762 510 2828 omnibus
529 2763 607 2829 aliis
626 2762 781 2829 Mariovii
801 2763 927 2830 fabulis
949 2767 1073 2843 motos,
1099 2762 1135 2828 in
1158 2765 1290 2829 tantam
1314 2763 1400 2829 obli·
1480 2787 1481 2790 ¹

181 2870 322 2937 vionem
350 2868 577 2936 diuturnitate
604 2870 774 2936 adductus
802 2869 929 2949 fuerat,
963 2873 1001 2937 ut
1034 2872 1175 2938 Carolus
1204 2872 1401 2938 Saunderus

182 2974 386 3064 (Saunders)
401 2976 472 3062 jam
490 2977 525 3043 in
543 2995 682 3043 scenam
710 2975 862 3042 fabulam
889 2996 989 3044 suam
1014 2977 1207 3044 induxisset
1231 2996 1341 3064 quum
1359 2978 1402 3044 de

180 3083 395 3150 ltlarloviano
411 3084 566 3150 dramate
585 3083 739 3169 primum
759 3082 942 3150 audiverit.
964 3085 1002 3151 ln
1020 3085 1186 3171 prooemio
1211 3103 1273 3151 suo
1297 3088 1401 3172 negat
1431 3093 1432 3098 ’

185 3209 224 3256 se
239 3190 444 3257 ltlarlovium
460 3191 635 3258 imitatum
650 3189 770 3257 fuisse.
802 3177 804 3180 ⁴

229 3357 242 3385 ι
262 3335 275 3394 Ι
295 3334 388 3414 hope,
405 3333 509 3413 inquit
524 3333 576 3394 ille
588 3330 610 3410 ³,
628 3335 641 3394 Ι
659 3349 729 3411 may
746 3332 842 3411 easily
858 3333 975 3395 unload
990 3352 1040 3414 my
1054 3333 1115 3396 seli
1127 3333 1160 3397 oi
1171 3333 1236 3397 that
1246 3334 1401 3414 Calumny

181 3429 275 3492 when
299 3434 311 3492 l
338 3429 417 3493 shall
439 3430 563 3510 testifie,
589 3429 654 3493 that
674 3434 687 3493 l
708 3451 806 3492 never
824 3429 920 3493 heard
945 3430 979 3493 oi
994 3450 1053 3510 any
1077 3434 1153 3512 Play
1176 3452 1218 3495 on
1237 3432 1288 3495 the
1312 3453 1400 3494 seme

184 3529 325 3609 Subject,
355 3529 446 3590 untill
469 3547 518 3607 my
542 3547 610 3590 own
635 3548 701 3590 was
726 3529 843 3608 Acted,
871 3528 994 3591 neither
1017 3527 1095 3592 have
1115 3534 1127 3592 l
1150 3532 1237 3594 since
1262 3532 1397 3609 secuit,

183 3623 305 3707 though
327 3626 350 3687 it
370 3625 441 3688 bath
466 3627 544 3689 been
565 3627 628 3689 told
645 3648 706 3700 me,
728 3626 814 3689 there
837 3629 865 3689 is
885 3625 1063 3690 aCock-Pit
1077 3628 1159 3708 play,
1176 3630 1276 3712 going
1300 3629 1400 3692 under

181 3723 238 3817 ,¹¹¹0
263 3743 358 3786 name
383 3723 417 3786 oi
444 3723 495 3786 the
525 3723 671 3804 Scythian
702 3724 880 3807 Shepherd,
911 3747 948 3788 or
970 3727 1178 3789 Tambnrlain
1201 3726 1267 3790 The
1290 3729 1397 3807 Great,

182 3821 287 3884 which
307 3821 381 3885 how
403 3823 486 3904 good
510 3823 535 3885 it
557 3824 598 3900 is,
624 3842 684 3903 any
705 3842 766 3896 one
791 3843 860 3904 may
880 3825 981 3906 Judge
1004 3825 1040 3904 by
1063 3826 1104 3888 its
1122 3826 1289 3906 obscurity‚
1305 3825 1401 3908 being

184 3941 204 3984 a
229 3920 331 4003 thing,
363 3930 418 3984 not
441 3941 460 3982 a
485 3919 672 3984 Bookseller
690 3923 724 3983 in
744 3923 889 3995 London‚
906 3943 943 3984 or
956 3944 1064 3986 scaroe
1084 3923 1135 3986 the
1155 3927 1282 4004 Players
1298 3923 1399 3986 them-

184 4021 302 4092 selves,
318 4017 387 4081 who
403 4019 503 4081 Acted
518 4020 542 4080 it
560 4019 719 4098 formerly,
735 4020 826 4082 could
842 4022 902 4082 call
918 4030 947 4082 to
964 4022 1226 4085 Remembrance·
1246 4047 1258 4076 r

230 4169 279 4235 Ex
303 4167 424 4236 eodem
448 4170 654 4256 argumento
679 4171 826 4254 sumptae
849 4169 988 4237 fuerunt
1016 4171 1128 4238 adhuc
1155 4172 1233 4238 duae
1259 4169 1395 4237 fabulae.

183 4275 273 4354 Una,
291 4293 396 4371 quam
418 4275 448 4340 is
472 4275 531 4360 qui
554 4275 692 4361 scripsit
712 4276 837 4342 italicis
856 4278 971 4344 verbis
990 4281 1165 4363 persecuta
1190 4280 1253 4361 est,
1277 4277 1397 4345 drama
1518 4268 1519 4272 ’

216 4499 224 4534 ¹
240 4463 381 4545 liarlowes
393 4493 489 4557 works,
502 4509 527 4560 p.
541 4493 596 4546 368.

214 4575 225 4611 ²
240 4574 382 4625 llarlowes
396 4575 493 4637 works,
507 4589 532 4640 p.
544 4589 593 4625 rur.

215 4654 226 4693 ³
242 4653 385 4720 Wagners
398 4653 599 4716 l'amburlaine,
611 4668 637 4722 p.
652 4667 731 4712 xxxtt.
