3120 5474
681 1012 820 1080 CAPUT
843 1013 889 1079 111

589 1265 649 1328 Dc
669 1262 858 1330 Harlovii
877 1263 976 1330 vita.

222 1518 408 1588 ilarlovius
430 1521 529 1587 aetate
553 1518 828 1605 Shakespearum
847 1519 1043 1600 antecessit,
1059 1519 1240 1606 paululum
1257 1524 1371 1598 autem,

178 1626 314 1694 duobus
339 1627 433 1693 enim
457 1626 637 1693 mensibus
660 1626 771 1712 major
791 1625 869 1693 luit.
893 1627 994 1692 Anno
1017 1628 1055 1692 P.
1081 1628 1119 1694 C.
1139 1629 1180 1693 N.
1205 1627 1375 1693 millesimo

178 1733 457 1821 quingentesimo
476 1732 690 1820 sexagesimo
708 1738 831 1819 quarto
852 1730 988 1819 (1564),
1010 1737 1090 1800 ante
1112 1733 1206 1800 diem
1228 1735 1378 1820 quintum

177 1840 344 1908 calendas
359 1840 497 1908 llartias
519 1840 574 1925 (24
593 1840 760 1928 seorim),
778 1840 807 1906 si
822 1840 1012 1907 creduntur
1030 1845 1106 1907 acta
1130 1840 1268 1926 publica
1290 1860 1379 1927 paro

177 1947 301 2015 chialis
320 1947 473 2015 ccclesiae
491 1966 569 2033 quae
591 1948 713 2014 Sancto
735 1947 881 2034 Georgio
901 1948 1044 2033 martyri
1068 1949 1262 2015 Duroverni
1282 1948 1381 2034 (Can-

179 2054 339 2142 torbe‘ry)
359 2053 515 2122 dedicata
530 2058 594 2133 cst,
609 2054 889 2139 Christophorus,
903 2054 1071 2120 lobannis
1085 2055 1265 2121 llarlovii¹
1281 2056 1382 2134 filius,

178 2161 370 2248 baptizatus
394 2160 471 2240 luit,
497 2166 531 2228 et
553 2165 626 2227 acta
648 2160 785 2246 publica
810 2164 944 2226 servata
972 2161 1008 2226 iu
1032 2161 1177 2228 ecclesia
1202 2162 1385 2246 parochiali

176 2267 330 2354 oppiduli
356 2267 448 2354 quod
471 2285 597 2334 amnen
621 2269 775 2334 Avonam
798 2267 910 2354 tangit
934 2269 968 2333 et
988 2266 1216 2334 Strattsordus
1239 2269 1384 2348 dicitur,

177 2372 330 2442 referunt
342 2374 569 2454 Gulielmum,
588 2373 756 2440 lobannis
769 2373 996 2458 Shakespeari
1011 2373 1140 2451 filium,
1158 2373 1296 2442 duobus
1315 2381 1388 2461 post

176 2480 372 2559 mensibus,
407 2479 527 2547 eodem
555 2480 666 2565 Aprili
703 2480 775 2558 die,
805 2479 1016 2564 baptizatum
1051 2478 1172 2546 luisse.
1203 2481 1248 2546 Hi
1278 2483 1386 2567 pueri,

176 2587 302 2654 humili
322 2587 395 2655 loco
409 2586 494 2666 nati,
515 2586 634 2654 drama
654 2605 783 2653 novum
808 2586 954 2672 parituri
978 2590 1088 2663 erant,
1114 2590 1149 2654 et
1170 2606 1283 2672 quum
1297 2590 1390 2674 prior

177 2694 364 2762 immatura
396 2698 507 2761 morte
530 2698 719 2780 praereptus
742 2694 819 2773 luit,
843 2693 1012 2779 posterior
1034 2693 1094 2777 qui
1119 2711 1262 2760 scenam
1293 2700 1392 2763 aetate

176 2799 288 2887 major
314 2819 500 2888 aggressus
537 2803 622 2881 erat,
657 2819 744 2885 opus
777 2800 1010 2884 interruptum
1039 2799 1211 2884 repetivit,
1242 2805 1278 2869 et
1306 2802 1393 2870 illud

176 2926 304 2975 novum
343 2907 466 2974 fabulae
503 2925 626 2994 genus,
663 2906 762 2993 cujus
795 2905 980 2973 llarlovius
1014 2904 1169 2972 suturam
1197 2907 1392 2996 imaginem

175 3014 408 3101 pulcherrime
434 3014 710 3093 adumbraverat,
731 3014 873 3081 sustulit
895 3013 938 3080 ad
962 3013 1236 3098 expletissimam
1260 3016 1393 3100 perfec·

175 3121 417 3207 tissimamque
432 3120 577 3188 formam
594 3139 698 3207 quam
715 3121 819 3187 etiam
835 3138 928 3187 nunc
942 3120 1105 3185 induerit.

217 3230 314 3297 Teste
333 3228 481 3314 quodam
502 3228 665 3314 probroso
680 3227 846 3306 carmine,
867 3246 935 3312 quo
950 3227 1104 3292 Marlovii
1118 3226 1210 3294 lama
1228 3229 1393 3298 lacessita

175 3335 240 3404 luit
260 3341 293 3403 et
311 3336 436 3422 dequo
456 3335 602 3403 ulterius
621 3334 802 3413 disseram,
822 3335 996 3401 lohannes
1015 3334 1215 3413 llarlovius,
1233 3336 1391 3404 Christo-

173 3442 273 3530 phori
288 3447 396 3529 pater,
412 3445 626 3510 mercaturas
642 3439 820 3508 faciebat2.
842 3441 914 3522 Quo
932 3459 1013 3506 vero
1032 3444 1237 3508 mercaturae
1262 3462 1392 3530 genere

174 3549 420 3638 negotiaretur,
451 3550 553 3636 longo
581 3549 691 3634 spatio
717 3548 829 3615 latuit.
859 3549 898 3614 ln
926 3547 1039 3614 lucem
1072 3548 1213 3633 prolatae
1245 3549 1393 3620 fuerunt

175 3657 314 3725 tandem
334 3657 412 3724 duas
426 3660 526 3735 notae,
549 3655 674 3722 litteris
699 3654 953 3740 antiquissimis
976 3657 1009 3720 et
1029 3654 1185 3721 obscuris
1209 3656 1392 3744 inscripta

173 3765 209 3832 in
225 3765 372 3831 duorum
390 3764 547 3850 margine
563 3762 730 3829 librorum
749 3761 908 3847 pluribus
923 3761 1024 3828 annis
1034 3764 1217 3847 postquam
1236 3764 1393 3834 Christo

172 3872 302 3958 phorus
338 3875 495 3937 mortuus
529 3869 595 3936 fuit
623 3870 806 3948 editorum,
842 3874 874 3935 et
903 3868 1029 3952 quibus
1059 3867 1169 3935 fertur
1195 3871 1388 3954 lohannes,

172 3977 407 4065 Christophori
428 3980 534 4064 pater,
554 3980 649 4044 sutor
672 3975 791 4043 luisse.
808 3976 938 4055 Altera,
964 3975 1019 4041 bis
1038 3976 1217 4043 enuntiata
1240 3978 1387 4047 verbis:

202 4219 210 4255 ¹
229 4217 353 4282 AEquales
372 4214 541 4281 temporibus
562 4214 616 4266 illis
633 4214 779 4280 scriptores
796 4227 845 4280 per
862 4214 968 4264 litteras
985 4212 1186 4264 diversissimas
1202 4227 1306 4267 nomen
1324 4218 1388 4283 ejus

170 4299 293 4351 ederunt.
318 4297 376 4349 Non
400 4297 489 4348 solum
512 4296 637 4347 scribunt
659 4295 793 4356 llarlowe,
815 4294 862 4344 sed
887 4294 969 4345 etiam
990 4310 996 4342 ε
1016 4292 1109 4354 llario,
1130 4293 1240 4357 Marios,
1260 4295 1387 4360 blarlow,

170 4379 281 4436 llarlcn,
297 4378 392 4444 llarly,
407 4377 518 4441 llarley,
533 4376 642 4441 llarlyo.
660 4376 758 4426 Doctor
776 4375 911 4439 lnglebius
929 4373 1057 4439 (lngleby)
1072 4373 1105 4422 de
1120 4373 1304 4438 Shalrespeari
1325 4377 1387 4429 vita

169 4460 334 4526 stuporibus
349 4457 500 4520 tractando,
513 4457 581 4508 dixit
594 4474 600 4507 ι
614 4475 623 4504 ι
639 4456 719 4506 There
730 4470 786 4506 was
796 4455 902 4506 noscet
914 4455 991 4518 tbinp
1001 4468 1031 4503 as
1042 4453 1084 4503 tlte
1094 4453 1279 4520 orthopropby
1292 4471 1324 4506 or
1339 4459 1386 4510 tlte

168 4543 269 4593 correct
290 4540 405 4606 spelling
428 4539 489 4603 osa
504 4538 589 4589 man’s
603 4551 702 4588 name·
719 4535 925 4602 (Shalespeare,
941 4535 1067 4585 Theman
1079 4534 1135 4584 ond
1152 4533 1196 4584 tlte
1208 4535 1292 4590 Book,
1304 4543 1383 4603 part.

168 4624 187 4688 i,
203 4622 246 4674 cb.
258 4621 286 4688 i).

198 4722 209 4760 ²
435 4718 491 4771 llad
506 4719 540 4771 he
555 4718 622 4770 bean
637 4716 757 4781 brought
771 4730 807 4782 up
821 4719 849 4769 to
859 4715 905 4768 thc
916 4714 994 4767 trade

437 4800 482 4853 His
498 4800 586 4852 father
600 4797 713 4851 loltow'd
727 4797 811 4849 still...
