3120 5474
677 336 855 401 -l36-

245 516 291 577 Or
305 515 371 575 else
385 511 472 574 unite
486 527 549 589 you
565 517 596 569 to
611 507 662 568 his
679 506 732 569 lile
746 505 808 568 and
824 507 906 578 soul,

244 612 326 675 That
341 614 353 672 l
368 629 442 690 may
455 608 518 670 live
533 606 595 668 and
611 604 661 668 die
676 606 754 668 with
769 602 1014 668 Tamburlaine!
1035 600 1057 666 ¹.

207 761 432 830 Tamerlanus
457 762 539 825 tune
558 775 697 825 scenam
722 755 928 843 ingreditur,
955 754 997 822 ab
1023 757 1166 840 utroque
1181 753 1335 833 nonvisus,
1427 744 1433 807 ‘t

166 872 199 937 et
220 867 372 956 Agydas
397 864 591 931 Zenocratis
615 864 865 932 consessionem
884 880 976 949 aegre
1001 861 1126 941 ferens,
1142 880 1215 928 eam
1235 862 1339 947 probris
1430 870 1433 914 l

166 978 332 1061 increpat,
344 975 378 1039 et
393 971 583 1058 majoribus
593 970 668 1057 ojus
683 971 862 1057 indignam
879 970 1030 1036 declarat
1044 969 1135 1054 quod
1146 969 1342 1035 carumhabet

166 1083 392 1170 praedatorem
408 1079 594 1146 barbarum
610 1081 643 1145 et
662 1077 853 1144 latrociniis
869 1080 1020 1144 suetum.
1032 1079 1227 1143 zenocrates
1240 1078 1343 1151 auten,

166 1190 281 1258 verbis
296 1187 370 1274 ejus
388 1186 610 1253 vehementer
633 1183 776 1263 offensa,
802 1183 979 1251 silentium
1002 1185 1034 1250 ei
1058 1182 1213 1271 imponit,
1232 1187 1261 1250 et
1276 1182 1347 1250 imos

168 1295 274 1364 animi
291 1294 344 1361 sui
360 1310 483 1360 sensus
498 1291 679 1359 effundens
698 1311 707 1357 :

247 1449 346 1509 Zeno.
363 1447 409 1507 As
423 1445 515 1507 looks
530 1445 582 1506 the
599 1445 668 1507 Sun
680 1444 817 1521 through
831 1443 1066 1521 Nilus'flowing
1081 1450 1209 1523 stream,

247 1547 293 1608 Or
307 1545 403 1606 when
418 1543 472 1605 the
485 1542 638 1620 Morning
651 1542 744 1605 holds
759 1543 826 1604 him
840 1543 875 1604 in
889 1543 948 1603 her
962 1561 1061 1620 armo,

248 1643 290 1705 So
306 1643 398 1705 looks
413 1661 467 1721 my
482 1640 585 1721 lordly
599 1643 681 1720 love,
695 1639 756 1703 fair
770 1640 1007 1715 Tamburlaine,
1024 1641 1147 1723 inquit;

248 1742 308 1803 His
323 1741 388 1803 talk
403 1739 500 1802 much
516 1748 651 1802 sweeter
666 1740 743 1802 than
760 1741 812 1802 the
826 1739 948 1802 Muses’
965 1758 1044 1819 song

247 1841 337 1919 They
351 1855 432 1915 sung
447 1835 495 1898 sor
505 1837 631 1898 honour
646 1835 761 1914 ’gainst
774 1835 929 1912 Pierides;

249 1938 295 2000 Or
309 1937 404 1998 when
421 1934 570 1996 Minerva
581 1933 633 1995 did
646 1934 724 1996 with
737 1935 886 2016 Neptune
901 1935 999 1997 strive
1016 1957 1022 1997 :

248 2034 321 2097 And
336 2033 448 2111 higher
462 2032 569 2094 would
585 2035 598 2094 Ι
613 2052 685 2095 rear
700 2053 753 2113 my
768 2033 912 2095 estimato

250 2134 340 2195 Than
353 2135 369 2194 J
374 2151 450 2210 uno,
467 2131 562 2193 sister
573 2138 605 2194 to
619 2133 672 2193 the
686 2132 812 2209 highest
825 2131 898 2213 god,

251 2231 282 2293 ll
292 2233 305 2293 l
321 2249 408 2293 were
424 2229 568 2292 matched
582 2231 662 2291 with
676 2230 799 2311 mighty
813 2229 1039 2292 Tamburlaine
1051 2228 1074 2290 ².

213 2395 308 2460 Tunc
326 2394 563 2469 Tamerlanus,
585 2411 621 2458 se
639 2393 809 2477 aperiens
830 2391 945 2477 prodit
966 2391 1004 2457 in
1026 2409 1177 2458 scenam.
1202 2394 1386 2459 Dexteram

173 2500 349 2566 Zenocrati
373 2503 568 2567 reverenter
593 2499 693 2566 offert
716 2504 750 2567 et
773 2517 926 2566 amorem
953 2500 1050 2566 vultu
1074 2498 1277 2584 praeserenS,
1308 2519 1387 2566 eam

172 2606 324 2684 abducit,
339 2607 496 2694 Agydam
508 2605 690 2674 confusum
705 2608 862 2675 trucibus
873 2607 981 2674 oculis
992 2606 1231 2692 despectando.
1245 2607 1390 2693 Agydas

172 2714 266 2780 solus
281 2713 318 2780 in
333 2732 434 2780 scena
451 2718 578 2792 manet,
596 2718 629 2782 et
646 2733 715 2781 non
731 2734 772 2781 ex
790 2732 878 2782 vano
893 2732 1081 2798 suspensus
1098 2715 1201 2799 atque
1217 2713 1390 2781 sollicitus

172 2823 235 2900 est,
261 2821 388 2887 etenim
413 2841 432 2888 a
456 2822 658 2889 Tamerlano
681 2822 775 2889 brevi
801 2821 987 2908 pugionem
1012 2820 1149 2906 accipit,
1175 2823 1209 2887 et
1229 2840 1293 2887 suo
1313 2821 1391 2907 ipso

172 2929 242 2996 ictu
258 2930 405 2994 mortem
422 2928 577 2995 invenire
593 2930 741 3016 cogitur.

216 3036 334 3102 Nonne
364 3053 464 3102 scena
493 3036 553 3102 illa
581 3037 788 3102 memoriam
824 3037 966 3103 renovat
1003 3054 1186 3103 scenarum
1220 3039 1393 3105 amatorie

173 3143 380 3227 scriptarum
408 3161 485 3228 quae
517 3142 714 3227 frequentes
741 3148 822 3210 sunt
850 3143 887 3209 in
916 3143 1157 3210 commenticia
1187 3143 1305 3211 fabula
1334 3147 1394 3214 cui

173 3250 291 3316 Gallus
314 3249 458 3317 Amadis
483 3247 630 3317 titulus?
658 3250 777 3315 Nonne
802 3249 925 3314 merito
950 3248 1022 3314 dixi
1050 3249 1254 3317 Marlovium
1279 3269 1322 3317 ex
1352 3271 1394 3320 ea

173 3356 277 3437 fonte,
299 3375 408 3441 quum
422 3357 666 3423 Tamerlanum
682 3356 857 3435 scriberet,
875 3360 909 3422 et
924 3357 1111 3425 sententias
1131 3362 1164 3424 et
1179 3378 1305 3425 sensus
1321 3359 1392 3429 sre-

173 3466 318 3548 quenter
339 3460 521 3529 hausisse?
543 3465 646 3530 Ansae
668 3481 778 3544 novae,
801 3466 834 3529 et
848 3462 1001 3531 firmiora
1022 3464 1063 3530 ad
1084 3483 1156 3532 rem
1173 3467 1393 3551 probandam

173 3572 378 3656 argumenta
393 3588 472 3635 mox
488 3573 680 3636 occurrent.

216 3676 442 3743 Tamerlanus
457 3679 572 3742 tamen
596 3695 676 3743 suas
701 3678 915 3762 comparavit
939 3679 1054 3764 copias
1078 3682 1111 3746 et
1138 3679 1174 3745 in
1198 3682 1394 3750 exercitum

173 3781 335 3869 Bajazeti,
353 3781 413 3866 qui
427 3783 618 3849 Turcarum
633 3784 769 3854 Sullam
784 3789 848 3869 est,
866 3787 1003 3854 incedit.
1024 3790 1219 3873 Antequam
1229 3791 1395 3875 praelium

173 3889 302 3971 ineant,
328 3890 397 3956 duo
420 3889 657 3974 imperatores,
684 3896 829 3978 uterque
851 3914 871 3960 a
898 3895 1050 3962 militum
1075 3913 1217 3962 suorum
1241 3897 1394 3966 ducibus

174 3999 303 4083 septus,
330 3995 366 4062 in
390 3995 601 4082 colloquium
624 3999 780 4066 veniunt.
802 4002 1008 4088 Exemplum
1028 4005 1205 4069 sumentes
1228 4023 1248 4070 e
1269 4007 1394 4090 praeei-

173 4105 252 4188 puis
275 4103 394 4171 Iliadis
413 4104 582 4189 personis,
601 4124 637 4172 se
656 4107 806 4173 invicem
827 4109 961 4194 probris
980 4112 1104 4176 vexent
1118 4113 1151 4175 et
1169 4111 1213 4176 ad
1234 4129 1393 4199 pugnam

173 4212 306 4277 vocant.
342 4212 486 4278 Scenam
515 4211 610 4277 illam
640 4213 832 4294 scribendo,
859 4216 987 4282 artium
1011 4216 1178 4303 magister
1205 4217 1392 4285 manifesto

174 4333 307 4383 memor
327 4316 393 4385 suit
413 4317 608 4384 studiorum
627 4320 754 4404 quibus
774 4322 976 4410 indulgebat
995 4341 1103 4407 quum
1127 4324 1391 4411 cantabrigien-

175 4422 267 4488 sium
282 4424 497 4491 Athenarum
518 4424 652 4492 scholas
671 4426 870 4496 celebraret.
887 4430 941 4497 Ad
959 4429 1184 4498 contumelias
1202 4430 1391 4500 verborum

205 4622 215 4658 ¹
229 4627 278 4681 Ed.
294 4627 397 4694 Bullen‚
409 4630 463 4684 vol.
477 4632 497 4695 l,
510 4644 537 4698 p.
549 4629 589 4684 51.
602 4657 633 4670 -
643 4632 701 4685 Aet.
717 4631 760 4694 lll,
774 4631 817 4683 Se.
829 4632 860 4684 ll.

205 4708 275 4766 ²Ed.
289 4710 393 4776 Bullen,
405 4713 458 4768 vol.
471 4714 491 4777 1,
503 4727 549 4787 pp.
564 4712 645 4764 52-53.
657 4739 689 4753 ·-
700 4712 758 4764 Act.
773 4712 816 4775 lll,
831 4711 873 4764 So.
886 4712 917 4771 ΙΙ.
