3120 5474
547 518 551 533 ,
644 458 646 463 ·
693 450 851 517 -ir-

162 622 305 700 dabant,
321 639 384 687 nec
401 621 455 686 1116
470 618 671 685 liberalibus
685 618 775 704 jocis
790 619 862 686 laesi
884 618 991 686 fuisse
1005 619 1178 699 videntur,
1195 637 1258 687 nec
1273 619 1377 686 etiam

163 726 292 793 horum
305 727 441 793 66111666
461 725 624 792 sensisse.
643 725 713 791 Alii
728 726 806 791 aliis
822 727 858 792 in
876 726 1071 792 hocerrore
1091 724 1264 811 adjutores
1281 730 1379 793 erant

163 836 198 899 61
210 833 364 898 auresad
376 834 465 898 16616
477 831 621 898 66661116
634 831 846 911 claudentes,
860 832 895 896 in
906 850 1045 919 omnem
1056 832 1188 919 ingenii
1198 832 1379 900 libidinem

163 940 199 1005 et
214 940 252 1004 in
266 938 530 1004 immoderatam
548 938 722 1004 licentiam
741 957 777 1004 se
792 938 1024 1005 effundebant.

210 1047 251 1111 ln
280 1044 496 1130 argumentis
519 1044 688 1130 eligendis
714 1044 974 1129 temperatiores
996 1062 1066 1110 666
1094 1046 1192 1112 61661
1213 1063 1317 1129 quam
1343 1044 1380 1110 16

165 1151 368 1216 tractandis.
390 1150 451 1215 1116
481 1150 664 1217 sumebant
692 1150 855 1216 exomni
889 1149 993 1229 fonte,
1026 1151 1262 1236 sumendoque
1284 1151 1381 1217 nulla

166 1256 351 1322 selectione
367 1256 564 1322 utebantur.
581 1255 650 1322 Alii
666 1274 741 1321 rem
763 1257 804 1322 de
821 1257 944 1343 graecis
967 1260 1002 1322 61
1026 1257 1179 1322 16166616
1198 1256 1381 1322 annalibus

166 1361 391 1445 arripiebant,
410 1379 480 1427 non
506 1365 544 1427 ut
572 1362 758 1448 tragoedias
782 1362 924 1445 antiquo
950 1380 1045 1428 16616
1070 1362 1271 1443 scriberent,
1292 1362 1382 1429 616111

166 1468 339 1536 Sacvillus
373 1468 453 1533 etii
479 1468 538 1551 qui
567 1468 661 1535 viam
690 1466 764 1553 ejus
792 1468 900 1534 secuti
928 1471 1030 1546 sunt,
1063 1468 1122 1534 sed
1151 1469 1189 1535 ut
1217 1468 1314 1534 illam
1338 1469 1382 1534 ad

166 1577 356 1658 tempuset
370 1573 412 1639 ad
432 1574 588 1658 exernpla
613 1592 701 1642 6616
726 1574 1037 1649 accommodarent.
1063 1573 1133 1640 Α111
1157 1574 1340 1640 materiam
1363 1593 1382 1639 e

166 1680 303 1765 patriis,
321 1698 339 1744 e
355 1679 462 1746 sacris
478 1680 583 1745 etiam
599 1680 783 1746 annalibus
799 1681 851 1747 161
873 1699 891 1744 6
911 1680 980 1747 1116
1004 1682 1202 1746 6666161616
1224 1697 1381 1764 excerpe-

166 1786 264 1851 bant.
299 1783 368 1851 Alii
407 1803 542 1870 quoque
575 1789 694 1852 eventa
731 1785 889 1869 quaedam
917 1790 1054 1871 sumpta
1083 1805 1101 1850 6
1131 1784 1383 1852 commenticiis

167 1889 297 1956 fabulis
322 1891 544 1956 narrantibus
567 1893 664 1977 gesta
689 1891 842 1957 militum
870 1891 996 1975 quibus
1024 1892 1228 1958 chevaliers
1257 1909 1382 1957 nomen

168 1993 206 2058 in
233 2011 372 2059 scenam
396 1992 660 2071 transferebant,
682 2014 750 2079 quo
772 1993 863 2062 fonte
882 1995 991 2061 111161
1010 2013 1078 2061 666
1099 1997 1183 2062 66116
1203 1996 1383 2082 designato

168 2099 306 2184 copiose
331 2099 384 2164 usi
407 2102 499 2165 sunt.
520 2099 667 2180 Quidam
686 2101 825 2166 tandem
850 2100 959 2168 multa
979 2100 1152 2168 duxeruut
1166 2121 1207 2167 ex
1223 2102 1382 2168 historia-

169 2223 251 2271 rum
276 2205 492 2271 collectaneis
518 2207 599 2272 tunc
622 2204 819 2291 frequenter
841 2206 932 2290 apud
955 2207 1058 2272 Italos
1081 2211 1115 2274 et
1133 2209 1247 2274 Gallos
1267 2207 1381 2274 editis.

171 2311 330 2376 Famosis
351 2311 537 2377 sceleribus
556 2312 641 2396 ipsis
665 2312 880 2397 suppeditata
898 2311 1039 2381 fuerunt
1057 2316 1275 2401 argumenta.
1296 2316 1385 2380 Non-

171 2417 269 2483 nulla
294 2417 399 2483 etiam
418 2418 559 2497 scelera,
586 2417 690 2484 simul
712 2421 814 2501 atque
835 2419 1037 2501 commissa,
1061 2423 1100 2486 ut
1123 2420 1169 2486 ita
1195 2420 1321 2499 dicam,
1348 2420 1385 2485 in

171 2541 313 2589 scenam
338 2523 477 2589 inducta
493 2523 644 2605 fuerunt,
669 2527 706 2591 ut
724 2527 838 2590 metus
859 2525 1025 2592 etodium
1040 2545 1117 2612 quae
1136 2528 1250 2593 616616
1269 2526 1384 2593 166116-

170 2632 289 2696 serant
304 2629 348 2695 ad
364 2629 499 2695 animos
513 2629 700 2696 movendos
721 2616 983 2714 usurparentur.

216 2735 517 2815 Quemadmodum
532 2735 699 2822 tragoedia
711 2739 744 2802 et
754 2737 920 2803 comoedia
935 2736 1048 2824 magis
1059 2736 1241 2824 magisque
1252 2737 1385 2804 innovo
1410 2732 1418 2746 ⁴

169 2841 328 2907 dramate
348 2841 539 2907 miscentur
561 2845 593 2906 et
612 2842 821 2921 coalescunt,
844 2842 894 2909 sic
910 2843 1099 2927 eodemque
1113 2846 1266 2927 tempore
1290 2860 1385 2929 spec-

170 2947 328 3013 taculum
356 2945 412 3012 cui
440 2964 565 3012 nomen
589 2953 754 3033 pugeoot
782 2947 976 3014 obsolescit.
1017 2949 1145 3014 Locum
1177 2948 1235 3015 dat
1267 2946 1387 3015 Larvis

171 3049 384 3137 (Musques),
402 3051 437 3118 id
453 3054 505 3116 est
519 3051 644 3118 fabulae
659 3052 797 3118 cuidam
812 3071 1031 3139 magnacum
1048 3043 1213 3139 apparatu
1229 3053 1264 3118 in
1280 3052 1387 3139 regiis

171 3155 1387 3243 feriisactae,etinquaauctoresmusicorumsaltatorum,histrionum

173 3264 208 3328 et
239 3263 474 3329 comoedorum
501 3281 563 3347 ope
586 3263 783 3342 utebantur,
818 3264 922 3329 simul
945 3282 984 3330 ac
1007 3264 1197 3349 splendidis
1222 3263 1388 3330 666661116

173 3356 322 3454 picturis
342 3371 375 3434 et
389 3369 556 3447 vestibus
574 3369 658 3455 quid
673 3366 809 3435 multa‘?
832 3369 993 3436 omnibus
1021 3367 1193 3436 illecebris
1213 3388 1291 3454 quae
1314 3388 1390 3435 sua-

173 3475 266 3541 viter
290 3473 450 3541 sensibus
468 3476 501 3540 et
527 3474 654 3540 animis
676 3474 916 3542 blandiuntur.
943 3477 1072 3554 Larva,
1108 3475 1239 3560 reipsa,
1274 3452 1389 3542 fabula

175 3581 251 3646 erat
270 3598 348 3664 quae
360 3597 454 3646 nunc
470 3578 590 3664 Opera
605 3580 816 3659 nominatur,
834 3581 1036 3667 interposito
1052 3581 1164 3648 solum
1184 3581 1248 3648 hoc
1266 3580 1389 3648 discri-

173 3685 284 3762 mine,
309 3686 402 3771 quod
426 3685 463 3751 in
488 3686 603 3770 priore
630 3686 763 3753 musica
789 3687 898 3753 multo
917 3687 1089 3753 minorem
1109 3687 1224 3754 lucum
1239 3687 1388 3753 tenebat.

174 3791 316 3858 Nobiles
345 3792 405 3876 qui
439 3810 563 3877 regum
588 3793 726 3859 asseclae
760 3795 869 3874 61661,
895 3791 1071 3860 1611611116
1093 3796 1208 3879 partes
1231 3810 1390 3859 6666116-
1423 3836 1427 3843 -

176 3915 284 3982 quam
299 3898 458 3983 agebant,
475 3897 618 3982 perinde
634 3915 673 3964 ac
687 3898 857 3982 posterius
872 3897 1000 3965 factum
1022 3899 1073 3964 661
1096 3899 1133 3964 16
1155 3898 1233 3965 61116
1253 3897 1390 3985 gallica,

178 4002 352 4070 Ludovico
367 4004 488 4086 quarto
508 4001 641 4069 decimo
656 4004 834 4089 regnante,
850 4021 959 4088 quum
974 4002 1105 4069 cantica
1120 4003 1278 4088 quaedam
1295 4003 1394 4069 salta-

178 4111 314 4176 rentur.
330 4109 493 4173 Attamen
508 4125 578 4173 666
592 4108 639 4173 116
654 4126 691 4173 66
701 4127 757 4174 166
771 4108 892 4174 habuit
906 4111 944 4174 ut
958 4127 977 4174 e
992 4109 1186 4193 spectaculo
1201 4108 1256 4174 cui
1267 4126 1394 4174 nomen

175 4218 355 4302 popeonf,
387 4214 479 4279 larva
508 4213 678 4300 originem
709 4232 808 4279 suam
835 4214 987 4280 duxerit.
1015 4214 1049 4280 Si
1078 4215 1175 4299 prius
1203 4216 1302 4280 aetate
1325 4231 1395 4280 non

180 4319 377 4407 praecurrit,
394 4319 475 4384 huic
494 4318 616 4384 saltem
640 4319 784 4403 aequalis
807 4317 885 4385 fuit.
910 4321 1045 4386 Veteres
1068 4338 1185 4386 rerum
1211 4319 1395 4403 scriptores

179 4428 327 4494 narrant
341 4422 509 4508 quosdam
524 4423 685 4490 mimicos
700 4423 825 4510 regios,
848 4424 939 4490 circa
953 4424 1180 4491 millesimum
1200 4423 1395 4490 ducentesi-

180 4550 280 4600 mum
304 4532 345 4596 P.
376 4530 412 4595 G.
441 4531 482 4595 N.
508 4547 656 4609 annum,
681 4530 812 4596 Joanne
834 4548 915 4616 rege
940 4532 1123 4617 regnante,
1150 4530 1239 4595 inter
1265 4528 1396 4595 aulicos

180 4638 334 4706 famulos
349 4633 518 4714 adfuisse,
544 4634 929 4701 61161161611166611166
950 4635 1117 4714 Μ1611666,
1139 4652 1249 4719 quum
1271 4632 1396 4700 fabulae

181 4745 287 4815 larvis
304 4740 498 4809 simillimae
511 4744 708 4831 agerentur,
726 4743 746 4808 a
761 4740 883 4807 Bardis
897 4740 1100 4809 Mfostretts
1119 4740 1172 4807 vel
1192 4739 1397 4809 Ministrets

1198 4910 1202 4917 .
1240 4859 1260 4918 2
