3120 5474
168 552 307 621 cicious
328 550 450 633 (trecea
468 548 684 634 inscriptam.
701 548 896 613 Cre‹.luntur
910 563 1046 631 quoque
1066 546 1104 613 in
1123 564 1240 612 erroro
1256 542 1363 612 uersari

170 661 193 727 ii
209 661 268 745 qui
285 660 442 725 eamdem
460 657 667 725 sententiam
684 653 865 721 conserunt
880 653 915 719 in
931 652 1085 721 fabulam
1102 672 1181 739 quae
1199 672 1208 719 τ
1229 653 1364 720 Alosum

167 767 230 854 for
244 766 409 844 borealea,
427 784 470 832 or
486 765 546 831 tbe
560 764 669 847 Siepe
684 762 728 847 of
736 762 925 846 flecterem),
943 760 1034 826 aeilb
1051 760 1111 826 tiae
1126 760 1364 826 veratrousoets

168 873 245 940 arrd
260 874 435 941 coloreas
450 871 561 938 deeds
581 870 624 955 os
639 870 698 936 llio
719 870 815 937 lauze
833 870 974 936 soldier·
992 868 1161 953 inscripta
1180 871 1243 946 est,
1264 883 1364 951 quarn·

167 980 221 1045 ris
246 978 431 1046 liarlovius
456 975 690 1042 intentissimo
714 975 831 1042 animo
856 975 1072 1060 perspexisse
1091 974 1252 1042 videatur
1267 976 1365 1040 eventa

168 1086 249 1153 belli
267 1089 384 1152 contra
406 1084 576 1168 llispanos
601 1081 644 1147 ab
668 1081 712 1147 iis
734 1081 794 1165 qui
819 1098 987 1147 novarum
1011 1081 1223 1169 religionum
1243 1076 1366 1146 studiosi

169 1197 278 1272 erunt,
297 1191 331 1257 in
348 1189 525 1256 Bataviam
543 1188 642 1266 illati,
670 1192 703 1254 et
728 1188 922 1272 praesertim
943 1188 1195 1272 Antvarpiense
1214 1185 1366 1253 obsidium

169 1299 260 1384 quod
287 1298 321 1364 in
347 1296 494 1363 salsula:
524 1295 594 1363 Tbe
624 1295 797 1380 Tropteol
824 1295 976 1380 History
1004 1293 1047 1379 of
1064 1296 1203 1361 Ductor
1228 1295 1367 1361 Faustus

170 1406 335 1491 inscripta
361 1405 499 1489 oblique
530 1401 854 1469 commemoravit1.
885 1402 1031 1486 Propius
1059 1404 1178 1466 autem
1206 1404 1258 1466 est
1283 1398 1366 1465 fidem

169 1533 263 1593 eum,
283 1512 457 1580 utiisclem
475 1509 687 1594 [emporibus
703 1505 1063 1591 Sirakospearusseeit‚
1075 1510 1211 1572 veteres
1222 1504 1367 1590 quasdam

170 1620 305 1687 fabulas
321 1620 525 1685 emendasse
542 1619 575 1682 et
591 1615 868 1699 rescripsissem
883 1614 1040 1680 dramata
1056 1631 1119 1678 sua
1133 1609 1365 1699 perpendendo,

172 1746 244 1793 rem
261 1725 470 1811 dijudicabo.
487 1723 673 1790 llarlovius
690 1722 810 1788 nonin
828 1721 900 1787 sola
916 1721 976 1786 illa
990 1737 1092 1804 opera
1109 1719 1266 1786 animum
1276 1719 1367 1784 inten-

171 1834 222 1901 dit
249 1851 309 1919 per
334 1851 393 1898 sex
422 1849 549 1908 annoS,
575 1829 682 1895 tantis
705 1827 882 1893 laboribus
907 1825 1067 1904 refertos,
1094 1845 1182 1910 quos
1206 1826 1241 1891 in
1267 1822 1369 1891 litteris

172 1939 326 2007 colendis
342 1937 501 2004 Londinii
517 1935 746 2019 consumpsit.
764 1935 866 2011 Dum,
885 1933 1018 1999 fabulas
1039 1932 1234 2012 scribendo,
1252 1947 1369 1998 scenam

174 2047 277 2134 erigit
295 2047 338 2113 ad
360 2065 415 2111 res
434 2063 539 2111 novas
560 2048 593 2109 et
612 2044 654 2110 ad
675 2044 814 2110 eulmen
833 2043 923 2127 quocl
948 2041 1103 2107 nondum
1124 2040 1285 2125 adeptum
1301 2042 1368 2113 erat,

174 2154 307 2239 incepta
325 2150 669 2237 cantabrigiensibus
683 2149 829 2218 Athenis
845 2149 959 2215 studia
976 2166 1045 2215 non
1060 2147 1272 2214 intermittit.
1288 2146 1371 2211 Asse-

174 2258 293 2343 quilur
320 2261 357 2323 ut
380 2257 512 2342 aliquid
536 2256 702 2341 temporis
725 2255 838 2322 adbuc
863 2255 1038 2340 impertiat
1064 2255 1191 2341 graecis
1215 2258 1249 2321 et
1276 2249 1373 2319 latinis

174 2365 283 2450 poetis
298 2364 334 2429 in
354 2364 590 2431 Britannicum
613 2381 808 2429 sermonem
827 2362 1024 2442 a⁷ertendis3
1045 2366 1077 2428 ct
1098 2350 1258 2446 quaedam
1277 2357 1374 2427 condit

176 2471 330 2538 earmina
351 2488 498 2555 quorum
524 2488 634 2537 unum
659 2469 750 2536 lama
775 2470 912 2556 insigne
933 2470 1141 2554 permansit,
1163 2472 1198 2535 et
1217 2469 1314 2535 laude
1334 2464 1374 2532 di-

176 2595 286 2665 gnum
307 2582 359 2643 est
379 2581 518 2662 propter
536 2582 695 2644 tenerum
715 2575 957 2662 fervidumque
978 2594 1133 2643 amorem
1149 2577 1307 2643 versibus
1324 2574 1376 2639 im·

176 2700 349 2769 pressum.
381 2684 503 2748 Fateor
531 2684 671 2768 quidem
700 2683 799 2769 plura
823 2702 865 2749 ex
891 2683 1053 2770 operibus
1081 2684 1170 2762 illis,
1203 2681 1378 2769 praesertim

176 2788 288 2855 Ovidii
310 2789 455 2875 elegias,
479 2789 820 2876 cantabrigiensibus
839 2790 986 2857 Atbenis
1006 2790 1082 2855 sine
1105 2790 1213 2857 dubio
1238 2789 1380 2856 inchoata

177 2894 295 2961 fuisse.
319 2896 398 2961 Haee
414 2893 508 2960 enim
524 2895 649 2961 litteris
663 2897 879 2963 eruditorum
899 2897 972 2963 ludi
993 2899 1087 2975 sunt,
1104 2916 1193 2982 quos
1211 2896 1255 2964 ad
1271 2896 1381 2963 sacien-

177 3003 239 3069 clos
256 3002 391 3087 placida
411 3002 608 3069 scholarum
629 3002 698 3070 vita
719 3003 832 3089 majus
852 3003 1003 3089 spatium
1024 3004 1128 3071 dabat
1152 3022 1260 3089 quam
1282 2999 1382 3069 libidi-

178 3109 252 3176 nosi
268 3128 382 3177 mores
398 3111 548 3177 auctoris
564 3109 698 3177 fabulas
714 3110 897 3177 scribentis
912 3115 946 3177 et
960 3111 1107 3198 agentis
1121 3112 1269 3197 Propius
1283 3113 1384 3178 autem

178 3220 230 3283 ast
254 3235 334 3283 vero
358 3236 478 3302 poema
503 3220 600 3284 Hero
620 3218 697 3283 aad
719 3218 892 3285 Leander
916 3218 1136 3303 inscriptum,
1154 3217 1256 3304 cujus
1277 3231 1386 3285 vorsus

178 3323 379 3389 memoriter
395 3324 539 3390 recitare
559 3324 689 3390 solebat
706 3323 880 3391 Johannes
901 3325 1023 3410 Taylor
1039 3325 1125 3411 (Tbe
1148 3319 1388 3410 Ψαίθνροει)2

178 3449 288 3515 quum
304 3433 411 3497 remis
424 3433 598 3499 Tamesim
613 3432 771 3510 finderet,
784 3438 817 3498 et
827 3434 981 3518 primum
993 3431 1254 3497 Pharsaliarum
1270 3431 1388 3497 librum

179 3555 283 3621 quom
304 3537 340 3603 in
362 3557 483 3606 versus
503 3539 715 3605 britannicos
735 3558 804 3606 non
825 3543 1052 3607 consonantes
1072 3538 1253 3604 transtulit
1278 3536 1389 3604 ilario·

178 3645 269 3723 vius,
287 3642 374 3712 sorte
395 3646 739 3733 Cantabrigiensibus
763 3646 909 3713 Athenis
935 3646 1105 3723 inchoata,
1133 3643 1297 3710 Londinii
1320 3657 1390 3708 eon·

179 3751 266 3818 secta
283 3751 400 3817 fuisse.
420 3752 482 3818 Tot
501 3756 534 3817 et
553 3756 624 3820 tam
642 3753 777 3820 diversa
799 3753 926 3837 scripta
945 3754 1185 3820 demonstrant
1205 3754 1314 3836 poetae
1328 3748 1392 3816 vim

180 3861 214 3924 et
242 3858 359 3922 animo
386 3857 553 3946 fingendi,
586 3866 619 3927 et
648 3860 754 3926 libros
783 3859 958 3927 uberrime
991 3859 1176 3947 pangendi.
1207 3856 1392 3925 Ostendant

180 3982 318 4050 quoque
332 3968 461 4050 quanto
477 3966 591 4032 studio
606 3967 808 4034 blarlovium
830 3986 866 4033 se
891 3966 1074 4054 conjecerit
1097 3966 1134 4031 in
1158 3965 1349 4031 certamina
1364 3964 1392 4027 et

212 4170 221 4205 ¹
238 4172 330 4222 Faust.
401 4188 412 4218 a
427 4171 492 4232 idea,
507 4174 633 4237 stranger
648 4172 760 4238 engines
774 4171 817 4225 lor
830 4173 877 4223 the
890 4173 974 4223 brunt
986 4171 1015 4222 ol
1027 4183 1081 4221 war

399 4269 409 4298 a
425 4252 495 4302 That
507 4265 560 4303 iras
577 4252 623 4303 the
637 4253 705 4318 fiery
718 4253 777 4303 keel
790 4257 820 4303 at
833 4252 979 4316 Antwerp's
991 4250 1096 4315 brigde‚

400 4349 410 4379 ι
428 4332 465 4382 I’ll
479 4332 559 4384 make
571 4348 617 4397 my
631 4333 730 4384 servile
743 4333 836 4398 spirits
850 4337 876 4383 to
890 4332 993 4382 invent.
1009 4349 1019 4378 s

212 4410 271 4474 (Ed.
288 4412 390 4475 Bullen,
403 4412 453 4464 loe.
468 4412 525 4474 eit,
539 4413 591 4464 vol.
604 4413 622 4475 l,
638 4427 664 4478 p.
680 4413 738 4463 alt.
759 4414 817 4464 Aet.
833 4414 852 4474 1,
865 4413 946 4464 sedne
959 4413 987 4477 Ι).

213 4492 224 4527 ²
238 4492 337 4556 Taylor
346 4493 437 4558 (John)
450 4493 516 4556 (The
531 4494 627 4546 Water
642 4493 713 4558 Poet)
731 4494 758 4544 b.
775 4493 804 4543 in
817 4493 974 4545 Gloueester
986 4492 1057 4554 1580,
1071 4505 1126 4543 was
1138 4505 1155 4542 a
1165 4495 1324 4550 waterman‚
1336 4487 1391 4539 ool-

183 4574 268 4626 leetor
280 4572 309 4623 ol
322 4573 369 4623 the
380 4573 450 4624 wine
470 4573 525 4624 sees
538 4574 579 4624 lor
594 4573 640 4624 the
652 4573 813 4624 Lieutenant
828 4574 856 4623 ol
869 4574 915 4624 the
928 4574 1030 4634 Touer,
1047 4572 1101 4623 and
1114 4572 1215 4636 keeper
1232 4571 1260 4620 ol
1275 4584 1292 4620 a
1307 4566 1391 4634 publio

182 4654 268 4705 house
282 4653 347 4703 both
359 4657 388 4703 at
401 4653 502 4705 Oxlord
512 4654 567 4704 and
579 4653 782 4705 Westminster.
797 4654 834 4705 He
847 4654 909 4705 died
923 4653 993 4703 1654.
1008 4653 1054 4703 llis
1066 4651 1390 4717 publicationswerevery

182 4733 338 4801 popularia
352 4733 396 4784 his
410 4732 473 4799 day,
485 4735 540 4786 and
552 4746 599 4786 are
613 4746 673 4784 now
688 4732 717 4783 in
729 4738 839 4798 request
850 4735 888 4799 by
899 4733 1041 4784 collectore
1052 4731 1201 4796 (Allidone).
