3120 5474
697 372 857 439 ..12-

172 546 370 631 ‹lliatogus
391 548 479 615 inter
494 550 629 634 Aquam
650 552 682 611 et
707 546 867 613 l'inum¹.
897 572 911 607 »
941 544 1054 633 lluJus
1076 547 1221 635 generis
1235 566 1376 635 persona

168 655 378 740 quibusdam
399 657 432 721 in
450 655 576 723 tabulis
594 672 738 721 numero
754 654 849 721 breri
860 654 1130 739 praevaluerunt.
1146 656 1245 723 Verae
1258 659 1374 735 autem,

169 762 222 828 rel
238 781 278 827 ex
299 763 421 847 partriis
436 763 622 829 annalibus
637 766 797 847 sumpta»,
814 760 868 828 rel
884 762 918 827 in
934 760 1052 828 animo
1069 760 1148 847 ejus
1169 763 1231 849 qui
1253 762 1378 848 scripsit

169 870 359 935 seeundum
387 870 542 935 rivorum
572 869 754 936 bominum
777 868 967 955 imaginem
992 867 1201 948 informatae,
1236 869 1377 935 minores

170 974 376 1053 factasunt,
394 980 425 1041 et
444 994 552 1059 quum
573 974 689 1059 ejecta·
709 973 848 1041 tuterunt
871 978 1016 1053 cunctae,
1037 992 1169 1041 norum
1193 974 1377 1042 fabularum

168 1100 291 1165 geraus,
313 1082 404 1169 quud
428 1082 552 1149 lloralc
573 1084 720 1149 Carrnen
743 1080 879 1169 (dierat
893 1080 1002 1169 Plap)
1030 1082 1246 1163 nominatur,
1273 1088 1379 1149 ortum

167 1192 232 1255 est.

213 1296 350 1381 l'aynus
365 1294 531 1361 Gallienus
546 1295 675 1381 optime
691 1294 778 1361 dixit
797 1295 922 1361 ltorale
938 1294 1085 1361 Carmen
1105 1293 1216 1362 fuisse
1238 1293 1380 1363 fabulam

168 1400 268 1487 cujus
283 1420 438 1487 personae
454 1402 617 1489 figmenta
635 1406 716 1467 sunt
732 1402 849 1469 induta
866 1419 1018 1487 corpore,
1040 1403 1074 1467 et
1098 1420 1140 1468 ex
1161 1421 1231 1489 qua
1247 1402 1381 1469 consilia

168 1508 211 1574 ad
238 1508 344 1573 ritam
367 1509 630 1595 gubernandam
655 1512 734 1594 apta
762 1509 993 1575 deducuntur.
1021 1506 1084 1572 llis
1110 1504 1253 1589 sabulis
1279 1526 1383 1594 neque

170 1615 408 1701 magistratus,
422 1633 532 1713 neque
548 1615 741 1681 sacerdotes
756 1613 1043 1681 sollicitabantur.
1060 1614 1256 1699 Scriptores
1271 1616 1384 1681 eadem

169 1720 272 1787 osbcii
289 1725 456 1806 praeopta
482 1721 714 1805 praedicabant
737 1726 770 1786 ct
793 1721 834 1787 ad
851 1739 889 1786 ea
907 1720 1048 1787 colenda
1068 1720 1211 1788 assidue
1238 1722 1386 1788 cohorta-

170 1827 306 1894 bantur.
325 1828 524 1911 Spectantes
544 1828 751 1894 christianos
771 1828 862 1893 ludis
879 1826 1033 1893 honestis
1058 1845 1216 1894 recreare
1236 1846 1387 1913 persere

170 1935 291 2000 rabant
315 1937 348 2000 et
370 1954 427 1999 eos
453 1934 575 2001 docere
601 1935 674 2001 barc
698 1935 865 2001 bonorum
890 1934 1044 2000 virorum
1070 1933 1231 2002 instituta
1252 1955 1329 2020 quae
1347 1935 1387 2001 ad

170 2060 284 2107 moros
307 2041 491 2127 pertinent.
517 2042 661 2107 Scenam
685 2044 802 2107 tamen
826 2040 867 2106 de
892 2039 1033 2125 antiquo
1053 2043 1145 2106 statu
1161 2041 1386 2120 demorendo,

170 2148 303 2214 aditum
318 2148 447 2214 dabant
463 2148 561 2214 novis
577 2149 691 2214 rebus.
706 2150 784 2215 ldeo
799 2148 891 2233 quod
903 2145 1121 2234 argumentis
1138 2148 1249 2214 sacris
1260 2149 1390 2215 morale

169 2272 309 2321 carmen
346 2254 609 2339 anteponebant,
647 2274 683 2321 se
721 2253 919 2321 relaxabant
957 2273 977 2319 a
1015 2255 1221 2320 necessitate
1256 2254 1392 2322 tabulas

170 2363 373 2447 excerpendi
398 2381 416 2428 e
436 2363 613 2449 Scriptura
637 2364 759 2430 Sancta
780 2363 832 2430 rel
857 2382 897 2429 ex
913 2362 1155 2429 ecclesiasticis
1179 2361 1389 2428 Annalibus.

172 2469 364 2555 Religionis
380 2469 605 2536 reverentiam
627 2470 750 2537 exinde
768 2488 838 2536 non
857 2469 1060 2546 docuerunt,
1082 2468 1141 2534 sed
1165 2468 1392 2553 disciplinam

170 2594 237 2660 qua
258 2594 372 2641 mores
396 2575 575 2642 informari
591 2580 767 2662 putantur,
785 2579 819 2643 et
832 2577 1059 2661 posteriorem
1083 2573 1249 2641 facillime
1273 2575 1318 2642 ad
1339 2594 1395 2642 res

170 2699 276 2747 novas
293 2684 605 2762 accommodavere,
622 2702 731 2769 quum
748 2682 944 2749 tabularum
965 2684 1214 2768 argumentum
1230 2681 1267 2746 in
1281 2684 1396 2749 totum

171 2790 405 2854 mutaverunt.
432 2790 684 2874 Perspexerunt
708 2790 804 2856 brevi
827 2791 956 2874 quanto
976 2788 1077 2854 latior
1093 2787 1138 2853 sit
1158 2788 1305 2854 moralis
1324 2807 1399 2856 car-

171 2893 277 2958 minis
301 2894 463 2988 materies
487 2897 520 2960 et
543 2914 582 2960 eo
601 2896 703 2962 citius
727 2896 818 2980 quod
842 2896 885 2961 ad
910 2895 974 2961 hoc
999 2893 1225 2979 spectandum
1247 2894 1398 2981 impulsi

171 2999 310 3066 luerunt
325 3001 528 3068 necessitate
543 3003 725 3087 studioque
740 3002 819 3069 novi
835 3001 974 3089 generis
990 2999 1191 3067 renovandi.

214 3107 341 3174 Morale
356 3126 495 3174 carmen
511 3126 636 3194 genere
651 3111 843 3192 naturaque
859 3106 1015 3191 proxime
1032 3105 1186 3190 primum
1207 3107 1399 3173 accedebat

171 3214 214 3279 ad
243 3214 464 3294 comoediam,
497 3216 568 3283 sire
595 3233 707 3280 mores
735 3213 975 3300 effingentem,
1009 3212 1081 3278 sire
1114 3211 1313 3295 praesertim
1346 3215 1399 3279 rei

172 3321 279 3388 nodos
294 3325 487 3389 nectentem
508 3326 541 3389 et
560 3323 762 3388 solventem.
785 3322 828 3387 Ut
842 3320 939 3405 prius
964 3319 1000 3384 in
1020 3317 1221 3403 posterioris
1242 3316 1399 3385 sormam

172 3431 440 3507 converteretur,
459 3429 542 3494 satis
557 3431 630 3494 orat
645 3447 706 3513 pro
717 3427 807 3493 fictis
819 3431 852 3492 et
863 3425 1045 3492 abstractis
1059 3424 1216 3510 personis
1232 3425 1399 3505 homines

173 3552 336 3618 reponere
351 3535 410 3619 qui
431 3535 550 3600 eadem
569 3535 748 3600 sentirent.
763 3534 922 3600 Arduum
938 3534 1054 3598 autem
1071 3534 1123 3597 est
1137 3532 1171 3596 et
1184 3532 1351 3614 tractare,
1364 3538 1400 3599 et

172 3657 337 3705 renovare
379 3640 584 3706 comoediam
621 3660 698 3725 quae
732 3658 846 3706 mores
879 3638 1025 3725 effingit,
1055 3637 1248 3722 praesertim
1283 3657 1398 3723 quum

173 3744 285 3829 specie
310 3745 452 3810 moralis
480 3745 647 3810 carminis
672 3746 842 3812 induitur.
868 3745 1081 3829 Quapropter
1104 3743 1241 3808 nullum
1266 3741 1399 3811 fabulae

172 3869 283 3938 genus
308 3850 344 3915 in
369 3870 424 3916 res
442 3850 542 3917 tritas
566 3853 599 3917 et
621 3853 842 3939 pervulgatus
867 3855 901 3917 et
928 3851 963 3916 in
988 3867 1191 3916 communes
1215 3850 1308 3915 locos
1334 3851 1397 3936 qui

172 3956 257 4023 artis
278 3960 369 4038 sunt,
387 3975 457 4024 non
474 3961 619 4038 naturae,
637 3978 656 4024 a
672 3958 898 4044 scriptoribus
914 3957 1017 4024 citius
1033 3955 1238 4036 devolvitur,
1256 3958 1396 4041 etquod

172 4066 335 4129 caeterum
353 4064 443 4129 clarc
463 4065 647 4149 apparebat
667 4064 799 4132 fabulas
814 4064 888 4131 vim
913 4063 1144 4149 acquisituras
1167 4059 1335 4146 majorem
1361 4057 1402 4128 et'

173 4187 381 4256 magnopere
397 4173 590 4236 moraturas
610 4191 685 4238 esse
700 4174 905 4257 spectantes
926 4171 954 4235 si
971 4187 1127 4255 personae
1143 4186 1233 4233 verae
1252 4186 1396 4252 repone-

173 4280 293 4341 rentur
307 4277 343 4341 in
364 4277 477 4343 locum
497 4276 668 4356 fictarum,
690 4297 745 4343 res
765 4277 861 4344 brevi
880 4276 1142 4360 necessarioque
1160 4276 1290 4339 tentata
1312 4273 1391 4341 tuit.

174 4381 238 4464 Qui
267 4384 452 4450 comoedias
480 4385 741 4468 componebant,
778 4386 821 4451 ad
852 4385 940 4450 banc
973 4384 1065 4450 riam
1096 4374 1284 4448 ineundam
1316 4383 1393 4448 sine

174 4488 280 4555 dubio
314 4488 446 4556 incitati
483 4490 623 4557 luerunt
659 4510 820 4577 prospera
860 4489 994 4556 fortuna
1029 4489 1224 4555 fabularum
1262 4489 1392 4572 quibus

205 4723 214 4759 ¹
232 4724 322 4788 Peyne
336 4723 442 4787 Collier,
455 4726 506 4777 loe.
520 4725 577 4786 cit,
590 4728 610 4775 t.
626 4726 657 4787 ll,
672 4738 698 4789 p.
715 4724 769 4775 184.
