3120 5474
580 81 755 146 -sla-

53 252 256 322 rarioribus
277 255 414 322 casibus
428 272 533 341 quam
551 256 663 334 antea,
688 251 905 321 intricantur.
929 253 1027 321 Haud
1050 253 1195 322 dubium
1219 255 1271 322 est

56 361 149 445 quin
164 361 348 430 Marlovius
363 380 401 429 ea
425 381 502 448 quae
523 380 624 429 scena
648 360 887 428 desiderantur
905 358 1033 428 clarius
1048 359 1269 446 perspexerit,

59 470 95 534 et
109 470 228 535 mente
243 468 540 555 comprehenderit
554 469 696 536 modum
712 468 748 534 in
762 465 876 534 verbis
890 470 924 535 et
938 467 1096 534 sensibus
1111 469 1143 534 et
1161 466 1270 535 subti-

59 574 107 641 lia
123 574 328 642 discrimina
345 581 460 643 rerum
476 593 546 643 non
556 575 669 641 solum
680 575 772 642 haud
787 574 978 660 spernenda
992 592 1079 654 esse,
1092 573 1152 642 sed
1167 573 1270 640 etiam

62 680 173 748 multa
188 682 341 768 praebere
356 683 545 750 commoda.
561 682 638 750 Jam
654 683 788 749 tantum
803 680 958 767 profecit,
971 682 1009 748 ut
1019 681 1110 749 haud
1121 681 1272 748 multum

61 787 154 856 absit
168 787 254 874 quin
268 789 386 857 drama
401 807 528 857 novum
543 790 587 856 ad
601 806 779 856 summum
793 788 931 856 culmen
949 787 1159 873 perduxerit.

105 895 293 964 Marlovius
308 896 412 963 etiam
427 896 544 964 enisus
555 898 606 962 est
620 900 659 964 ut
673 898 822 963 mutaret
832 913 934 962 suum
945 893 1161 982 excogitandi
1173 911 1273 982 argu-

61 1000 172 1068 menti
188 1020 334 1084 morem,
350 1020 417 1088 quo
431 1003 469 1070 in
485 1020 589 1070 unam
603 1019 798 1090 personam,
813 1003 848 1069 in
864 1019 969 1088 quam
979 996 1099 1070 cundta
1110 999 1270 1089 vergunt,

62 1109 181 1176 oculos
210 1109 413 1195 animosque
436 1110 645 1177 intuentium
673 1109 850 1178 convertit.
877 1110 957 1176 llaec
979 1109 1088 1189 ratio,
1112 1107 1272 1194 quamvis

62 1212 252 1299 aliquando
275 1217 470 1304 argumenti
487 1220 619 1285 naturae
641 1220 731 1302 apta,
757 1218 918 1302 perpetuo
942 1218 1057 1283 tamen
1082 1233 1151 1282 non
1173 1214 1271 1283 adhi-

62 1317 177 1388 benda
196 1323 259 1400 est,
286 1323 457 1408 praecipua
474 1323 567 1390 enim
590 1342 747 1409 persona,
772 1324 977 1409 plerumque
1000 1322 1112 1407 impar
1135 1322 1187 1388 est
1209 1319 1273 1388 toti

62 1424 191 1495 sabulae
206 1428 288 1494 moli
304 1429 525 1511 sustinendae,
540 1432 573 1496 et
587 1430 647 1497 illa
662 1431 711 1496 rei
725 1431 867 1519 agendae
880 1433 965 1510 arte,
982 1429 1058 1496 aliae
1072 1444 1226 1514 personae
1241 1424 1273 1495 ei

62 1533 144 1618 plus
159 1551 257 1619 aequo
272 1535 426 1604 obnoxiae
441 1540 536 1616 sunt;
553 1555 642 1622 saepe
656 1554 718 1623 pro
732 1537 841 1604 nihilo
855 1538 1040 1605 ducuntur.
1055 1536 1094 1602 ln
1112 1533 1273 1603 Eduardo

62 1641 229 1721 secundo,
246 1641 281 1709 in
297 1642 392 1710 illius
406 1643 489 1711 artis
499 1642 610 1710 vicem
621 1647 730 1710 artem
745 1644 887 1711 alteram
901 1641 1073 1729 supponit,
1084 1641 1158 1708 sine
1167 1639 1273 1708 dubio

61 1765 133 1814 non
148 1746 346 1834 perfectam,
368 1750 429 1818 sed
443 1751 484 1818 ad
505 1769 643 1818 scenam
663 1751 829 1836 aptiorem
844 1769 921 1835 quae
935 1747 1084 1838 majores
1098 1748 1157 1815 dat
1171 1763 1274 1814 ansas

62 1855 106 1922 ad
121 1857 321 1950 argumenti
334 1875 390 1924 res
400 1860 434 1924 et
443 1857 549 1924 nodos
559 1857 776 1925 variandum.
789 1858 966 1944 Praecipua
977 1873 1132 1942 persona,
1145 1855 1275 1921 Eduar-

61 1961 129 2030 dus
145 1963 330 2045 secundus,
343 1964 474 2050 primas
488 1965 617 2051 pariter
631 1967 744 2051 partes
760 1967 868 2046 tenet;
880 1967 986 2032 totam
1001 1965 1117 2030 autem
1133 1979 1272 2029 scenam

61 2087 132 2137 non
156 2076 312 2158 occupat.
337 2071 474 2140 Circum
498 2091 577 2141 eum
601 2073 678 2140 aliae
701 2090 856 2159 personae
881 2090 917 2138 se
936 2072 1095 2151 movent;
1115 2059 1284 2158 ingentes

61 2178 169 2246 etiam
185 2183 293 2267 agunt
308 2184 433 2265 partes.
450 2182 504 2248 Ad
518 2181 626 2248 nodos
641 2181 820 2248 solvendos
835 2196 1043 2266 magnopere
1057 2176 1271 2265 adjuvantes,

59 2285 183 2352 crebro
197 2286 389 2372 conspicuae
409 2291 501 2355 sunt.
527 2289 677 2355 Numero
703 2304 927 2373 personarum
950 2303 1027 2372 quae
1050 2285 1086 2350 in
1113 2283 1274 2369 promptu

60 2395 145 2459 sunt
158 2395 270 2471 aucto,
288 2394 448 2460 llarlovio
467 2412 606 2461 necesse
621 2394 687 2461 suit
705 2394 790 2461 alias
806 2393 850 2460 ab
872 2393 950 2459 aliis
973 2390 1213 2479 distingueret,
1241 2392 1276 2455 et

60 2497 223 2582 quamvis
238 2498 368 2568 invitus
386 2503 420 2568 et
443 2518 512 2568 non
535 2503 670 2568 tantum
695 2503 864 2586 quantum
884 2497 967 2566 satis
987 2500 1039 2565 est
1058 2497 1139 2564 huic
1161 2513 1276 2563 neces-

62 2603 159 2671 sitati
178 2608 306 2689 pareat,
324 2625 363 2674 ea
378 2611 493 2675 tamen
508 2608 676 2676 adductus
692 2611 743 2675 est
758 2607 801 2675 ad
814 2606 947 2674 indoles
961 2603 1227 2672 considerandas
1242 2605 1276 2669 et

63 2710 107 2777 ad
131 2710 241 2778 animi
264 2715 379 2780 motus
402 2714 634 2800 inspiciendos
656 2716 690 2781 et
713 2713 965 2800 dijudicandos,
986 2716 1019 2778 et
1043 2710 1108 2777 hac
1131 2708 1275 2796 indaga·

64 2816 159 2885 tione
173 2835 279 2886 novas
294 2819 503 2888 intuentium
518 2822 767 2890 movendorum
782 2821 931 2889 rationes
945 2817 1089 2887 invenit.
1105 2814 1276 2884 intellexit

64 2939 142 2989 rem
179 2923 222 2989 ab
254 2924 394 2992 Alsredo
425 2927 568 2994 Meziero
600 2930 778 2995 notatam:
807 2928 997 3013 spectantes
1024 2925 1134 2992 multo
1162 2921 1275 3010 magis

64 3028 232 3096 concitari
261 3031 489 3117 descriptione
517 3033 624 3100 animi
651 3034 745 3101 curis
771 3033 825 3100 vel
859 3032 1105 3118 cupiditatibus
1137 3026 1276 3097 solliciti

64 3153 173 3222 quam
188 3139 381 3221 spectaculo
395 3140 547 3226 corporis
561 3141 676 3208 dolore
689 3142 743 3209 vel
758 3139 961 3208 libidinibus
976 3137 1131 3206 cruciati.
1146 3137 1276 3203 Eduar-

65 3242 153 3310 dum
179 3244 369 3311 secundum
392 3246 585 3326 scribendo,
610 3247 646 3314 in
669 3247 761 3315 viam
787 3248 883 3314 illam
907 3244 1101 3325 manifesto,
1132 3242 1277 3310 remisso

66 3352 196 3428 tamen,
213 3351 368 3418 tetendit.
386 3353 582 3420 Verisimile
597 3356 742 3420 osteum
757 3353 927 3440 posterius
948 3353 1081 3438 incepta
1103 3367 1211 3436 usque
1233 3347 1276 3416 ad

65 3458 261 3523 extremum
290 3462 507 3544 persecutum
536 3459 643 3528 fuisse
671 3465 704 3528 et
730 3460 905 3547 imprimis
936 3459 979 3525 ob
1012 3477 1089 3527 eam
1117 3474 1275 3535 causam,

67 3563 224 3630 luctuosa
239 3581 304 3631 nex
319 3564 392 3651 ejus
408 3566 562 3635 deflenda
586 3571 649 3634 est.
675 3569 760 3635 Tum
786 3567 919 3635 occisus
939 3565 1005 3633 fuit
1026 3582 1147 3652 quum,
1173 3580 1277 3630 suum

66 3671 297 3755 componendi
320 3689 431 3760 genus
459 3677 670 3754 convertens,
697 3692 792 3760 spem
817 3673 954 3741 afferret
979 3689 1121 3759 operum
1146 3669 1276 3756 perfec-

66 3776 197 3844 tiorum
213 3781 247 3844 et
262 3779 401 3846 elatiore
416 3780 540 3867 spiritu
555 3780 762 3849 afflatorum.

112 3884 207 3951 Inter
230 3884 313 3952 vitia
337 3886 464 3971 quibus
487 3888 640 3954 Marlovii
668 3888 824 3955 dramata
854 3887 995 3972 insuper
1023 3882 1275 3961 deformantur,

66 3991 137 4058 duo
161 3990 336 4075 imprimis
363 3994 544 4079 conspicua
574 3998 710 4062 suntet
736 3994 956 4082 gravissima.
982 3995 1020 4059 ln
1049 3991 1124 4078 ejus
1150 3988 1277 4056 sabulis

66 4097 202 4165 comica
216 4115 307 4182 pars,
325 4098 377 4166 vel
393 4099 429 4166 in
443 4103 554 4167 totum
578 4101 683 4181 deest,
710 4102 764 4167 vel
787 4101 866 4186 plus
890 4117 988 4184 aequo
1012 4092 1275 4175 contractasuit,

66 4206 101 4272 et
123 4204 157 4272 ei
181 4222 252 4272 non
274 4189 360 4273 tanti
385 4208 551 4274 momenti
574 4207 680 4275 luisse
704 4207 840 4274 videtur
861 4205 981 4292 quanti
1005 4207 1039 4272 et
1061 4204 1125 4272 hoc
1152 4201 1278 4270 sabulae

65 4329 194 4400 genus,
211 4313 245 4377 et
258 4315 486 4398 spectantium
506 4314 618 4381 studia
635 4313 847 4401 flagitabant.
864 4315 933 4380 Nec
951 4310 1101 4396 amplius
1122 4307 1277 4396 proposi-

64 4419 143 4486 tum
160 4434 265 4485 suum
284 4423 463 4507 assecutus
479 4423 530 4488 est
547 4438 656 4511 quum
675 4419 862 4489 muliebres
880 4434 1044 4511 personas
1062 4415 1275 4511 depingeret,
