3120 5474
160 107 207 175 In
220 108 242 176 J
244 108 346 176 udoeo
361 106 542 186 Melitenen
559 106 597 173 in
612 106 773 174 Eduardo
793 107 943 175 secundo
957 106 991 172 et
1004 103 1042 172 in
1056 104 1154 183 Dido,
1172 103 1263 172 idem
1279 105 1331 170 est
1345 123 1385 170 ac

161 213 205 281 in
227 215 432 282 Tamerlano
457 212 488 300 (a
512 213 741 301 quadraginta
772 216 903 300 septem
932 231 1041 300 usque
1068 211 1111 279 ad
1134 211 1385 299 quinquaginta

162 320 257 408 sex),
274 323 359 390 dum
373 322 409 388 in
426 323 551 389 Fausto
568 318 774 408 (duodecim)
794 322 877 389 etin
892 321 989 389 Caede
1004 319 1190 387 Parisiensi
1207 317 1337 405 (decem
1353 321 1386 384 et

163 427 253 515 tres)
271 429 370 496 valde
384 428 617 495 imminuitur.
642 430 710 495 Nec
733 427 884 513 amplius
906 428 944 495 in
967 445 1112 494 nurnero
1135 443 1300 494 versuum
1324 424 1385 510 qui
1436 450 1441 463 .

163 534 362 622 adjectione
376 535 508 602 insonae
524 533 679 623 (muette)
696 535 836 622 syllabae
846 535 1020 614 desinunt,
1032 552 1213 620 processus
1224 534 1385 600 constans

165 645 201 708 et
215 643 397 709 ordinatus
421 644 573 728 apparet.
590 641 629 708 ln
646 643 839 709 Tamerlani
863 642 1018 728 partibus
1039 640 1291 729 quinquaginta
1315 644 1386 707 tres

166 752 200 817 et
216 749 447 836 quadraginta
462 749 593 816 insonae
608 749 748 835 syllabae
763 753 907 835 repertae
922 749 1074 816 fuerunt.
1094 750 1222 815 Earum
1244 745 1386 832 quidem

167 873 339 923 numerus
370 855 407 922 in
439 856 559 923 Judoeo
591 855 761 923 ilelitensi
797 853 1049 944 (septuaginta)
1084 858 1118 921 et
1150 854 1186 920 in
1223 853 1386 921 Eduardo

168 963 326 1031 Secundo
361 960 512 1049 (centum
545 966 578 1030 et
612 962 756 1050 septem)
790 964 973 1043 accrescit;
1005 962 1175 1029 minuitur
1204 963 1320 1027 autem
1348 960 1385 1025 in

169 1071 311 1152 Fausto,
328 1068 478 1136 secunda
493 1069 647 1136 Marlovii
664 1068 780 1136 tabula
801 1067 1027 1158 (quindecim)
1053 1070 1086 1136 et
1108 1068 1145 1135 in
1168 1066 1265 1136 Caede
1289 1067 1384 1133 Pari-

170 1176 285 1243 siensc
314 1173 453 1265 (viginti
486 1175 579 1263 sex);
606 1176 794 1244 novissimo
819 1177 928 1263 igitur
952 1195 1097 1244 numero
1129 1194 1197 1243 non
1228 1193 1384 1260 compro-

169 1282 272 1351 batur
284 1283 400 1368 opinio
415 1301 534 1350 eorum
550 1284 609 1368 qui
623 1287 745 1369 putant
763 1284 899 1351 Caedem
918 1283 1149 1350 Parisiensem
1172 1285 1384 1368 postremam

168 1409 244 1457 esse
268 1389 465 1457 tabularum
494 1390 660 1469 Marlovii‚
692 1409 730 1457 eo
759 1391 852 1470 vivo,
885 1395 1061 1469 actarum3
1092 1389 1128 1456 in
1156 1389 1242 1455 Dido
1266 1387 1382 1476 (oct).

168 1497 297 1563 Versus
326 1496 381 1563 his
405 1496 538 1563 insonis
562 1496 703 1584 syllabis
727 1497 923 1564 desinentes
942 1502 1106 1583 praterea
1131 1495 1240 1563 multo
1267 1495 1384 1582 plures

168 1603 303 1672 suntin
319 1603 508 1670 Pharsaliis
526 1603 704 1670 translatis
719 1622 825 1689 quam
841 1605 876 1670 in
893 1604 1020 1671 tabulis
1035 1602 1119 1690 ejus,

212 1709 344 1776 Indicia
365 1709 500 1776 interna
523 1710 650 1796 quibus
674 1710 742 1777 duo
762 1710 874 1796 prima
896 1710 1052 1777 dramata
1075 1709 1204 1777 similia
1225 1727 1300 1776 esse
1320 1729 1383 1796 pu-

167 1819 287 1883 tantur
309 1817 432 1883 Creeni
457 1817 617 1904 operibus
642 1816 756 1884 adhuc
786 1817 925 1885 levioris
951 1820 1032 1884 sunt
1059 1817 1248 1898 momenti,
1275 1817 1322 1883 ita
1346 1820 1385 1883 ut

168 1924 264 1991 nulla
294 1923 393 2011 signa
422 1923 626 1991 confirment
656 1924 859 1991 Marlovium
896 1924 966 1992 The
996 1924 1213 1994 Coateattoa
1245 1927 1279 1990 et
1314 1926 1384 1993 The

170 2033 268 2099 Troe
290 2030 460 2116 Trapedy
484 2030 677 2116 scripsisse.
702 2030 790 2097 Solae
814 2029 919 2097 etiam
949 2035 1151 2115 supersunt,
1177 2032 1219 2098 ad
1245 2031 1383 2099 easdem

167 2137 305 2205 fabulas
320 2136 356 2202 in
369 2139 540 2204 Greenum
551 2136 789 2222 imponendas
807 2135 1012 2224 conjecturae
1028 2156 1068 2204 ex
1084 2137 1230 2205 internis
1245 2138 1385 2207 indiciis

168 2247 330 2330 sumptae.

213 2352 382 2418 Caeterum
397 2353 514 2419 contra
530 2349 736 2418 sententiam
751 2369 819 2436 qua
834 2350 1019 2418 Marlovius
1036 2355 1070 2418 et
1085 2353 1238 2419 Greenus
1256 2351 1384 2420 laboris

169 2458 253 2525 socii
275 2456 382 2525 luisse
406 2457 585 2538 dicuutur,
611 2461 806 2546 repugnant
825 2477 879 2524 res
900 2459 1039 2544 quaeda
1059 2460 1266 2527 commercio
1286 2464 1319 2527 et
1341 2460 1384 2527 de

167 2565 239 2631 vita
259 2581 379 2632 eorum
403 2569 551 2631 narratae
571 2567 662 2631 sunt.
688 2564 798 2651 Supra
819 2565 1002 2633 retulimus
1017 2585 1075 2633 ecs
1092 2583 1182 2632 anno
1197 2566 1383 2633 millesimo

167 2671 448 2758 quingentesimo
463 2672 672 2760 octogesimo
688 2672 835 2757 septimo
855 2669 981 2760 (1587),
1002 2673 1118 2746 statim
1141 2676 1179 2739 ut
1198 2672 1383 2739 Marlovius

168 2778 379 2846 Londinium
407 2779 578 2859 venisset,
609 2778 812 2846 inimicitias
839 2779 930 2846 inter
949 2799 986 2846 se
1015 2779 1188 2867 gessisse,
1218 2782 1252 2845 et
1275 2779 1384 2846 donec

168 2885 354 2953 Marlovius
370 2886 472 2953 evita
488 2885 715 2965 discessisset,
730 2885 859 2974 yurgiis
879 2886 1109 2954 contendisse.
1125 2889 1264 2953 Fausto
1280 2886 1382 2952 Gree-

168 3009 235 3058 nus
257 2993 432 3060 Fratrem
456 2995 638 3060 Bacoaem
662 2992 814 3078 opponit,
832 2999 864 3059 et
886 2993 1056 3079 posterius
1081 2992 1205 3060 nititur
1228 2995 1267 3059 ut
1286 3010 1382 3078 spec·

168 3101 282 3166 tantes
297 3097 444 3166 deducat
457 3099 499 3166 de
513 3099 569 3166 via
584 3099 708 3166 theatri
723 3099 783 3186 qui
797 3100 976 3167 Eduardt
992 3100 1146 3167 secundi
1164 3100 1264 3169 ludos
1279 3099 1382 3166 facie-

168 3205 278 3273 batia
295 3205 398 3272 aliam
411 3223 549 3274 scenam
560 3207 755 3274 inducendo
766 3205 917 3274 fabulam
928 3207 1170 3294 Alpbonsum‚
1181 3209 1383 3294 Arapom‘oe

167 3334 293 3401 repeat
312 3315 532 3400 inscriptam,
556 3316 604 3384 ita
623 3319 661 3383 ut
684 3334 753 3383 non
776 3320 938 3403 appareat
961 3317 1088 3401 quibus
1112 3315 1325 3400 temporibus
1345 3314 1382 3381 in

167 3422 351 3508 pristinam
388 3422 605 3491 concordiam
634 3423 789 3505 reducti,
823 3424 1020 3491 communis
1051 3423 1179 3490 laboris
1207 3423 1381 3489 consortes

167 3529 352 3598 Marlovius
376 3530 409 3596 et
423 3531 577 3599 Greenus
591 3528 671 3598 iacti
686 3535 812 3598 essent.
830 3531 960 3599 Idcirco
979 3530 1066 3596 mihi
1086 3545 1380 3616 supervacaneum

167 3637 305 3705 videtur
328 3636 424 3716 eniti,
450 3636 531 3703 licet
553 3654 626 3702 rem
649 3636 805 3704 Johanna
826 3638 891 3704 Lee
911 3637 1108 3716 tentaverit,
1131 3640 1170 3704 ut
1193 3634 1380 3721 dijudicem

166 3747 284 3831 partes
300 3743 448 3810 ducrum
472 3745 628 3811 veterum
652 3743 850 3811 dramatum
872 3763 891 3810 a
910 3744 1073 3812 Marlovio
1097 3743 1241 3830 scriptas
1262 3761 1282 3809 a
1301 3760 1379 3828 par-

168 3851 262 3918 tibus
277 3869 353 3935 quae
369 3850 405 3916 in
417 3850 587 3917 Greenum
603 3849 819 3935 imponendae
834 3854 960 3918 essent.
977 3853 1046 3918 Nec
1060 3849 1211 3935 amplius
1225 3865 1380 3935 quaeram

169 3976 255 4026 num
279 3957 405 4029 Peelus
429 3956 557 4024 laboris
585 3975 721 4042 quoque
749 3957 863 4025 socius
891 3957 1008 4025 suerit.
1035 3957 1206 4040 Quamdiu
1234 3955 1278 4023 ad
1305 3975 1380 4024 rem

168 4064 438 4154 perquirendam
461 4065 576 4132 nullos
591 4063 794 4132 habebimus
808 4065 925 4145 duces,
942 4064 1010 4132 nisi
1025 4065 1159 4132 interna
1182 4063 1324 4144 indicia,
1349 4064 1381 4130 is

169 4173 230 4259 qui
249 4190 323 4238 rem
338 4171 484 4238 tentabit
500 4172 639 4238 inanem
654 4174 881 4257 prosequetur
896 4171 1069 4239 umbram.
1423 4249 1433 4263 ‚

215 4281 358 4347 Frustra
374 4297 509 4367 quoque
524 4279 656 4347 laborat
669 4279 728 4366 qui
745 4279 869 4367 quaerit
882 4297 968 4348 num
983 4276 1180 4360 Marlovius,
1197 4280 1380 4366 postquam
