3150 5476
575 462 613 476 -
634 427 690 492 tlt
714 463 752 476 -

57 600 242 670 recusavit.
254 601 490 670 Periculosum
505 603 621 668 tamen
637 619 722 687 opus
736 602 821 667 erat.
835 598 952 666 Primo
975 600 1064 668 saltu
1084 596 1268 669 Marlovius

58 709 99 775 ad
132 711 227 775 tanta
255 707 395 796 fastigia
422 709 571 796 tragicos
599 711 633 775 et
659 707 817 774 horridos
841 706 1044 792 cupidinum
1072 711 1187 775 motus
1209 708 1268 774 de-

58 814 231 902 pingendo
247 834 320 883 sese
335 817 534 894 sustulerat,
552 817 590 882 ut
606 815 789 901 procedere
806 814 896 880 ultra
911 815 945 881 et
963 832 1036 881 rem
1048 813 1120 900 jam
1136 815 1269 882 teterri-

58 938 168 998 mam,
193 925 243 988 tot
269 923 303 988 et
326 924 440 989 tantas
468 923 578 989 caedes
603 925 637 988 et
652 921 950 1008 ,generosissimas
974 921 1119 988 virtutes
1144 939 1271 1010 augere

58 1026 204 1094 arduum
226 1028 413 1096 videretur.
439 1031 523 1096 Rem
549 1032 666 1096 tamen
689 1029 873 1095 Marlovius
892 1029 1037 1095 tentavit
1055 1031 1088 1095 et
1110 1046 1270 1096 consum-

58 1133 175 1200 mavit.
193 1136 384 1211 Posteriora
398 1139 493 1222 parte
509 1135 654 1204 confecit
674 1154 743 1202 aon
769 1136 881 1202 solum
898 1139 936 1201 ut
958 1135 1002 1202 ad
1022 1134 1127 1200 finem
1150 1136 1273 1220 perdu-

56 1243 145 1306 ceret
160 1241 354 1309 Tamerlani
369 1242 534 1330 effigiem,
551 1261 657 1327 quam
672 1261 778 1310 manu
794 1241 985 1308 certissima
996 1240 1069 1326 jam
1084 1242 1268 1327 inceperat,

57 1351 89 1412 et
103 1347 322 1415 lineamentis
337 1348 515 1436 majestate
530 1351 641 1435 plenis
656 1351 882 1435 expresserat,
900 1349 960 1415 sed
975 1348 1079 1413 etiam
1090 1352 1128 1415 ut
1138 1349 1270 1415 medias

56 1471 116 1538 per
126 1453 246 1521 ruinas
260 1458 294 1522 et
309 1455 418 1523 caedes
433 1456 519 1522 alias
535 1474 638 1542 super
653 1456 739 1523 alias
756 1456 949 1523 cumulatas
959 1473 1038 1521 eum
1055 1457 1267 1539 sequeretur,

58 1563 207 1629 cavendo
221 1580 264 1628 ne
278 1563 399 1630 eadem
414 1563 542 1630 iterum
561 1564 690 1631 diceret
712 1565 746 1630 et
767 1561 864 1628 lieret
887 1561 1097 1628 fastidiosus.
1114 1561 1270 1629 Obtinuit

57 1670 94 1733 ut
122 1666 227 1754 hujus
256 1668 419 1755 inexpleti
446 1670 612 1757 gentium·
634 1669 815 1737 domitoris
845 1669 1053 1736 indomitum
1078 1686 1140 1752 per
1166 1685 1268 1735 mun-

57 1774 140 1839 dum
165 1793 307 1842 cursum
332 1775 511 1864 effingeret
534 1777 671 1843 casibus
694 1775 971 1843 luctuosissimas
987 1775 1173 1861 tragoedias
1195 1793 1268 1842 mo-

56 1881 228 1961 ventibus,
244 1886 278 1949 et
295 1883 409 1950 verbis
429 1883 543 1971 magis
560 1883 740 1970 magisque
753 1882 974 1949 sublimibus.
992 1883 1063 1948 Hoc
1077 1881 1267 1961 efficiendo,

57 1986 176 2066 fateor,
194 1989 321 2056 iterum
345 1994 379 2057 et
396 1991 538 2077 gravius
561 1990 665 2056 etiam
690 2008 794 2074 quam
820 1990 856 2055 in
880 1989 993 2074 priore
1019 1991 1116 2074 parte
1138 1992 1267 2074 peccat,

56 2095 184 2160 etenim
209 2095 244 2161 in
270 2096 444 2163 tumidum
468 2097 695 2183 inflatumque
714 2096 850 2164 dicendi
874 2114 985 2183 genus
1009 2114 1045 2161 se
1069 2095 1214 2163 effundit
1236 2100 1270 2163 et

57 2201 201 2287 dicendo
215 2221 270 2269 res
285 2207 318 2270 et
332 2204 435 2271 verba
455 2203 528 2290 jam
553 2205 697 2292 grandia
722 2209 755 2270 et
779 2222 881 2288 super
907 2204 1099 2269 humanum
1126 2203 1268 2271 modum

57 2308 143 2374 elata
158 2312 293 2376 tantum
318 2314 432 2398 auget,
456 2315 493 2377 ut
516 2312 627 2377 risum
653 2310 779 2396 saepius
802 2314 948 2376 moveat.
974 2308 1033 2375 Vis
1056 2311 1172 2377 autem
1194 2309 1269 2395 ejus

58 2415 174 2481 animo
188 2414 341 2504 fingendi
358 2420 428 2483 tam
449 2421 616 2502 praestans
640 2422 674 2484 et
697 2417 781 2484 uber
805 2421 868 2495 est,
894 2419 933 2483 ut
947 2415 1049 2482 rebus
1070 2417 1175 2482 etiam
1192 2436 1269 2501 quae

57 2523 174 2588 nimiae
203 2526 299 2602 sunt,
326 2528 459 2591 mentes
485 2527 694 2608 permoveat.
723 2523 946 2590 Vehementia
973 2526 1007 2589 et
1034 2523 1166 2590 artibus
1195 2523 1269 2591 suis

57 2645 242 2713 suspensos
256 2629 465 2696 intuentium
486 2631 621 2697 animos
640 2633 898 2715 perseveranter
921 2633 1075 2696 moratur
1097 2632 1131 2696 et
1152 2631 1266 2718 erigit,

57 2733 170 2819 iisque
184 2735 238 2802 vel
254 2735 388 2816 illectis,
405 2737 460 2804 vel
479 2737 529 2803 ira
548 2736 711 2815 incensis
733 2754 913 2821 nunquam
937 2737 1170 2821 spectaculum
1194 2737 1267 2804 lan-

55 2841 172 2926 guidis
187 2843 296 2908 oculis
311 2843 486 2928 adspicere
500 2843 595 2910 sinit.

97 2947 282 3014 Marlovius
313 2949 452 3036 egregie
476 2948 653 3034 conjunxit
675 2948 899 3036 posteriorem
927 2967 1008 3016 cum
1035 2949 1268 3036 prioreparte

55 3051 154 3138 cujus
178 3055 360 3140 praecipuae
381 3074 536 3140 personae
556 3074 664 3142 usque
685 3057 728 3123 ad
747 3056 872 3122 fabulae
886 3055 991 3122 finem
1012 3061 1154 3123 servatae
1173 3061 1265 3124 suut.

54 3160 226 3226 Posterior
240 3179 308 3228 non
324 3161 435 3228 solum
451 3181 526 3229 rem
540 3181 559 3229 a
574 3163 687 3248 priore
706 3163 877 3248 inceptam
892 3161 1040 3242 conficit,
1061 3180 1136 3228 eam
1151 3166 1268 3230 autem

55 3265 232 3334 dialectice
251 3269 450 3354 amplificat,
472 3273 505 3336 et
520 3271 612 3336 exitu
630 3269 803 3336 concludit
817 3269 859 3336 ad
881 3286 995 3334 mores
1023 3270 1056 3334 et
1084 3269 1127 3336 ad
1149 3269 1267 3337 divina

55 3376 157 3457 atque
174 3374 323 3442 humana
337 3374 415 3461 jura
431 3376 698 3443 accommodato.
714 3373 1146 3443 llarlovinsTamerlanum
1158 3379 1269 3442 osten-

55 3479 106 3547 dit
119 3481 251 3548 acervis
274 3500 454 3567 corporum
478 3483 685 3550 constructis
709 3482 895 3568 imperium
920 3500 1023 3548 sunm
1051 3483 1265 3562 condentem,

55 3590 88 3653 et
103 3588 294 3675 erigentem
309 3589 352 3656 ad
366 3588 544 3676 fastigium
559 3589 649 3675 quod
664 3588 879 3656 celeberrimi
896 3587 986 3654 inter
995 3588 1150 3675 gentium
1162 3589 1268 3656 domi-

54 3696 146 3760 tores
161 3713 340 3781 nunquam
360 3697 472 3763 adbuc
490 3697 603 3781 adepti
624 3701 732 3775 erant,
756 3695 852 3762 brevi
876 3696 992 3762 antem
1014 3699 1123 3762 morte
1146 3715 1266 3764 eorum

54 3820 141 3887 quos
160 3801 298 3869 adamat
317 3804 527 3888 perculsum,
549 3808 587 3869 ut
606 3803 871 3870 immodicarum
896 3820 1039 3869 suarum
1063 3802 1266 3888 cupidinum

53 3926 171 3992 paenas
191 3909 329 3994 pendat,
346 3909 469 3977 deinde
493 3910 613 3976 morbo
636 3909 871 3994 absumptum,
889 3911 933 3987 et,
950 3926 1059 3993 quum
1077 3908 1147 3977 vita
1169 3927 1275 3976 exce·

54 4017 116 4097 dit,
129 4018 211 4084 deos
227 4015 449 4082 ferocioribus
465 4016 578 4083 verbis
594 4017 826 4100 increpantem
842 4019 874 4081 et
889 4019 1142 4100 provocantem.
1154 4017 1267 4082 Poste·

53 4125 143 4191 riere
166 4127 274 4209 parte,
300 4124 374 4189 sine
397 4123 513 4202 dubio,
538 4122 785 4190 Londinienses
811 4124 1002 4207 spectantes
1030 4125 1101 4188 tam
1127 4123 1262 4202 acriter,

52 4229 140 4298 forte
173 4229 408 4298 vehementius
436 4248 540 4315 quam
569 4229 682 4314 priore
706 4227 853 4314 permoti
882 4227 1037 4307 fuerunt,
1065 4231 1099 4294 et
1120 4245 1261 4313 asperae,

52 4341 186 4425 argutae
200 4339 314 4404 antem
337 4337 535 4404 criticorum
559 4335 689 4403 facetiae
712 4353 911 4421 prosperam
938 4333 1063 4402 fabulae
1090 4333 1264 4402 fortunam

52 4444 223 4511 minuisse
250 4461 318 4510 non
348 4443 518 4510 videntur.
549 4441 718 4509 Omnibus
745 4444 861 4507 tamen
890 4441 927 4507 in
950 4440 1035 4507 locis
1065 4442 1264 4526 posterioris

51 4551 177 4638 partu,
208 4549 391 4618 llarlovius
424 4569 492 4617 non
526 4549 665 4616 festinat
694 4548 735 4615 ad
764 4550 925 4615 eventum
946 4548 1056 4634 gradu
1076 4549 1264 4616 tamnitato

51 4677 157 4744 quam
178 4657 360 4742 inpriore.
389 4657 523 4723 Passim
546 4675 601 4723 res
624 4654 859 4741 improbandae
874 4657 965 4733 sunt,
985 4657 1019 4720 et
1032 4654 1149 4741 plnres
1172 4655 1263 4741 quod

51 4782 173 4835 earum
199 4782 266 4832 non
292 4768 363 4832 crat
386 4764 421 4832 in
446 4764 559 4832 fabula
584 4765 691 4847 locus,
718 4761 846 4829 etenim
873 4761 917 4830 ad
944 4762 1051 4830 nodos
1078 4762 1263 4833 nectendus
