3120 5474
643 386 801 449 ..39-

149 562 325 628 Bullenus
340 561 454 629 adhuc
468 559 620 645 apertius
635 559 788 644 loquitur
806 578 814 623 ε

149 739 169 771 «
190 715 302 779 Ihave
322 716 400 780 little
422 715 603 792 hesitation,
626 716 730 796 inquit
753 717 817 794 ille,
848 716 882 776 in
901 715 1125 797 pronouncing
1149 713 1200 777 the
1224 714 1328 776 batlad

96 821 137 875 to
157 815 198 876 be
217 836 237 876 a
256 814 393 896 lorgery,
410 814 527 897 though
544 819 626 895 Dyce
642 850 681 859 -
695 812 770 878 who
790 812 850 876 had
871 814 950 877 been
970 815 1146 878 victimised
1171 835 1213 878 on
1239 813 1328 878 other

99 914 281 976 occasions
291 947 331 973 -τ
346 913 409 975 and
424 917 505 977 later
518 914 636 976 editors
651 923 759 997 accept
773 915 796 976 it
810 933 846 976 as
860 915 1037 994 genuine...
1053 916 1077 976 I
1088 915 1168 976 bone
1184 919 1240 975 not
1254 933 1328 976 seen

101 1013 166 1074 the
179 1013 286 1084 Mo,
304 1011 367 1074 and
382 1029 418 1073 so
438 1031 490 1073 am
507 1011 621 1073 unable
640 1018 671 1072 to
685 1010 805 1072 deliver
821 1027 880 1089 any
895 1010 1027 1092 opinion
1041 1031 1077 1072 as
1092 1022 1123 1072 to
1137 1008 1188 1072 the
1204 1011 1282 1088 style
1296 1007 1331 1071 oi

99 1107 161 1172 the
175 1110 418 1192 hand-writing
429 1132 436 1184 ;
462 1110 517 1172 but
530 1108 627 1172 when
650 1130 699 1171 we
721 1109 898 1171 remember
917 1107 992 1172 how
1013 1127 1107 1188 many
1125 1109 1324 1186 documentS,

102 1209 230 1290 proved
253 1207 443 1270 afterwards
468 1217 498 1270 to
513 1209 551 1271 be
565 1207 731 1291 forgeries,
749 1207 866 1270 Collier
886 1215 940 1289 put
957 1206 1097 1270 forward
1112 1227 1149 1269 as
1171 1206 1325 1288 genuine,

103 1324 159 1368 we
178 1305 260 1370 shall
275 1307 410 1390 bequite
428 1306 569 1387 justified
583 1308 616 1368 in
633 1306 786 1388 rejecting
801 1307 854 1368 the
867 1305 1029 1369 Atbeist's
1056 1305 1229 1388 Traqedie.
1255 1305 1325 1367 Itis

105 1427 127 1468 a
150 1403 241 1470 work
264 1404 299 1467 ol
319 1425 361 1469 no
384 1416 476 1488 great
498 1405 645 1485 difficulty
669 1415 700 1468 to
728 1405 849 1468 imitate
878 1403 956 1466 with
981 1423 1109 1467 success
1132 1425 1152 1467 a
1174 1404 1324 1485 doggerel

104 1503 246 1568 ballad'.

155 1665 252 1747 Quod
268 1664 395 1751 [lycius
410 1666 444 1730 et
464 1665 601 1751 Paynus
621 1663 787 1731 Collerius
810 1663 847 1730 in
862 1680 1013 1730 errorem
1037 1661 1169 1728 inducti
1185 1661 1326 1728 fuerunt

107 1771 165 1838 vel
189 1771 382 1849 fraudibus,
407 1772 460 1837 vel
485 1770 639 1856 lapsibus
663 1790 811 1855 quorum
836 1770 1001 1855 plerique,
1022 1771 1056 1835 at
1078 1769 1200 1837 saltem
1216 1770 1246 1834 si
1262 1769 1326 1835 soli

105 1877 345 1962 respiciuntur
360 1876 477 1962 lapsus
501 1895 587 1961 quos
611 1896 734 1962 passus
751 1881 802 1943 est
817 1879 954 1964 Paynus
968 1876 1148 1956 ColleriuS,
1166 1875 1326 1944 ascribis

106 1983 291 2051 commissi
320 1983 471 2062 luerunt,
503 2002 576 2049 rem
601 1985 773 2069 sapienter
797 1984 997 2051 tractaverit
1018 1984 1077 2070 qui
1100 2001 1168 2051 non
1191 1982 1326 2068 putabit

105 2090 350 2158 auctoritatem
364 2090 486 2157 essein
506 2091 734 2170 documentis,
751 2091 860 2158 donec
876 2110 894 2157 a
909 2091 1039 2158 criticis
1052 2092 1095 2158 ad
1106 2109 1180 2157 rem
1191 2089 1324 2158 idoneis

105 2217 147 2264 ea
166 2199 343 2283 perspecta
360 2197 441 2263 sint.
459 2199 549 2263 Dum
565 2216 620 2263 res
641 2198 677 2263 in
693 2198 823 2265 incerto
838 2199 1206 2283 relinquetur,‘oautus
1218 2197 1324 2284 judex

107 2305 256 2383 cavebit,
271 2308 310 2371 ut
324 2304 485 2389 opinatur
500 2304 703 2389 Symondes
721 2322 764 2371 ue
774 2305 816 2372 de
826 2306 870 2371 iis
885 2306 1036 2372 rationes
1051 2305 1232 2372 concludat
1247 2322 1324 2388 quae

107 2413 232 2479 saltem
248 2412 327 2498 plus
346 2431 444 2497 aequo
467 2413 596 2479 celeres
611 2414 737 2479 essent.
764 2414 927 2479 Attamen
952 2431 993 2478 ex
1016 2431 1055 2479 eo
1079 2429 1147 2478 non
1168 2411 1325 2497 sequitur

107 2525 147 2586 ut
162 2519 368 2586 documenta
388 2517 572 2604 rejicienda
594 2519 664 2585 sint
682 2538 791 2604 quum
807 2519 1023 2586 solummodo
1038 2519 1075 2586 in
1091 2518 1324 2603 suspicionem

107 2626 277 2703 incidant,
294 2625 511 2710 quinetiam,
529 2626 714 2709 antequam
730 2645 749 2692 a
765 2627 874 2693 doctis
889 2626 1042 2713 inspecta
1058 2626 1140 2692 sint.
1160 2626 1322 2693 Liberum

107 2736 179 2813 est,
195 2751 272 2799 meo
288 2731 431 2819 Judicio‚
448 2732 557 2799 donec
575 2751 631 2799 res
652 2733 687 2799 in
703 2733 849 2800 dubium
864 2737 1008 2812 vocatae,
1025 2734 1215 2819 explanatae
1235 2732 1322 2810 sint,

108 2860 127 2906 e
146 2839 363 2907 documentis
386 2839 456 2906 illis
479 2839 712 2924 conjecturam
736 2845 796 2907 aut
819 2840 947 2908 indicia
963 2859 1112 2919 sumere,
1131 2839 1324 2926 praesertim

107 2965 218 3033 quum
234 2965 273 3012 ea
287 2945 504 3013 consentiant
518 2965 597 3013 cum
613 2948 718 3014 rebus
741 2947 784 3014 ad
799 2950 932 3014 certum
947 2947 1116 3014 deductis.
1142 2948 1191 3013 lio
1211 2947 1324 3034 magis

107 3054 196 3120 mihi
212 3052 271 3141 jus
293 3055 344 3120 est
367 3054 432 3120 hoc
451 3055 553 3121 modo
568 3055 676 3121 nodos
692 3055 851 3140 expedire
866 3054 957 3140 quod
972 3055 1068 3122 valeo
1087 3055 1130 3121 ad
1153 3054 1322 3121 rationem

106 3161 320 3228 reddendam
344 3179 406 3227 cur
425 3161 490 3228 hoc
512 3178 652 3228 carmen
675 3161 712 3227 in
736 3161 967 3246 suspicionem
982 3161 1126 3228 venerit.
1144 3160 1181 3227 ld
1204 3179 1224 3226 a
1248 3160 1322 3227 viro

106 3286 179 3334 non
194 3268 371 3335 illitterato
385 3268 614 3354 compositum
629 3267 736 3334 fuisse
751 3268 915 3354 Symondi
934 3269 1145 3351 Bullenoque
1159 3267 1319 3346 concedo,

106 3375 327 3442 emendatius
341 3375 436 3440 enim
451 3374 619 3460 scriptum
634 3378 697 3442 est.
714 3376 841 3443 Verum
857 3376 893 3441 in
907 3377 1030 3470 natura
1044 3392 1160 3441 rerum
1179 3378 1231 3441 est
1249 3377 1288 3440 ut
1303 3393 1320 3440 a

106 3482 274 3548 Puritano
297 3481 476 3548 conditum
501 3481 616 3549 luerit.
647 3483 714 3549 Res
743 3482 847 3549 etiam
876 3482 997 3549 multis
1024 3481 1162 3549 indiciis
1192 3481 1323 3548 denun-

104 3589 226 3655 tiatur.

152 3696 311 3762 Puritani
347 3696 406 3781 qui
433 3695 557 3778 {studio
586 3696 812 3781 intemperato
843 3696 996 3782 impulsi,
1024 3693 1110 3782 justi
1147 3695 1252 3763 finem
1289 3698 1322 3762 et

104 3801 288 3888 sapientiae
312 3799 455 3870 modum
479 3821 631 3889 persaepe
655 3804 860 3882 transibant,
886 3804 1137 3889 vituperabant,
1161 3808 1320 3888 utsupra

103 3909 202 3986 dixi,
228 3912 262 3976 et
289 3909 326 3975 in
355 3910 409 3976 his
433 3909 512 3995 jure
539 3929 579 3976 ac
608 3911 744 3988 merito,
774 3911 966 3995 peruiciosa
994 3912 1149 3996 exempla
1178 3910 1321 3976 theatris

102 4015 243 4103 prodita
267 4018 300 4082 et
320 4017 522 4102 depravatos
547 4018 755 4103 scriptorum
779 4022 812 4084 et
834 4018 1049 4085 scenicorum
1065 4036 1191 4085 mores.
1208 4017 1320 4084 Obsti-

102 4125 189 4190 nate
212 4125 246 4188 et
269 4123 519 4190 violentissime
543 4125 809 4192 exsecrabantur
832 4124 965 4192 tabulas
986 4124 1153 4211 quasdam
1182 4127 1321 4210 propter

101 4229 359 4298 sententiarum
374 4231 618 4315 procacitatem
634 4235 668 4298 et
682 4232 826 4299 deorum
842 4231 1131 4316 contemptionem
1152 4232 1320 4299 notandas

101 4341 139 4405 et
155 4339 297 4422 propter
311 4338 442 4424 flagitia
461 4337 588 4423 quibus
607 4338 643 4404 hi
659 4338 791 4425 profani
812 4338 885 4404 ludi
904 4339 1018 4405 locum
1042 4338 1085 4405 ad
1107 4338 1319 4406 occasionem

101 4444 366 4530 amplissimum
386 4443 596 4529 praebebant.
620 4446 669 4511 Eo
683 4449 836 4530 tempore
853 4445 890 4511 in
909 4445 1009 4511 libris
1032 4445 1226 4529 libellisque
1246 4446 1319 4513 suis

101 4552 184 4620 sine
194 4551 266 4618 ulla
281 4551 538 4618 intermissione
549 4553 590 4620 de
600 4570 637 4619 re
647 4552 945 4636 conquerebantur
955 4554 990 4617 et
1003 4550 1197 4618 maledictis
1208 4550 1317 4618 ’laces-

136 4756 147 4792 ¹
162 4753 225 4804 Loc.
241 4751 287 4803 cit.
301 4751 353 4804 vol.
368 4752 380 4802 l
396 4767 441 4818 pp.
458 4752 589 4807 le-XV.
