3120 5474
805 465 961 529 ..94-

323 637 437 721 Ultra,
457 638 491 707 et
514 635 604 705 inira
626 636 806 722 epistolam
825 654 892 722 qua
911 634 1147 723 typographus
1166 635 1207 701 Ε.
1228 635 1268 703 Β.
1295 631 1491 722 (Eduardus

278 744 588 821 Bluntuslidward
605 741 721 831 Blunt)
739 761 860 830 poema
875 743 1015 811 Thomae
1028 741 1294 830 Walsinghamo
1307 742 1489 823 dedicavit,

279 849 352 917 haec
366 853 460 931 nota,
477 850 520 923 ab
539 849 659 923 eudem
674 850 815 936 scripta,
829 849 957 938 legitur
974 871 982 915 :

322 1029 335 1060 ι
353 1003 559 1087 Christopher
573 1006 708 1079 Marios,
725 1004 800 1069 who
816 1014 901 1069 wrot
915 1004 966 1069 the
985 1003 1004 1066 2
1025 1007 1096 1068 first
1119 1003 1255 1068 sestiads
1271 1003 1305 1068 ol
1322 1006 1415 1069 Hero
1438 1006 1496 1068 aud

281 1103 427 1167 Leander
454 1120 525 1167 was
556 1124 599 1167 an
627 1105 857 1187 acquaintance
887 1104 922 1168 of
951 1107 1006 1168 Mr
1037 1139 1075 1148 -
1107 1102 1141 1168 ol
1165 1105 1273 1167 Dover
1304 1102 1416 1169 whom
1444 1101 1497 1167 lree

281 1201 373 1266 mede
400 1202 529 1266 become
549 1223 592 1266 en
615 1236 655 1251 ·-
677 1222 715 1267 eo
734 1202 801 1266 thet
820 1203 880 1266 hee
898 1219 970 1267 was
992 1201 1076 1266 tuine
1096 1213 1129 1265 to
1153 1200 1245 1265 make
1264 1203 1497 1266 crecentation

282 1320 390 1385 uppon
403 1299 465 1364 this
479 1303 572 1376 Text,
592 1300 685 1365 «The
698 1299 782 1364 foole
798 1299 870 1364 hath
883 1301 952 1365 said
966 1302 1000 1363 in
1014 1299 1064 1365 his
1079 1299 1167 1364 heert
1185 1299 1273 1365 there
1283 1301 1312 1364 is
1327 1321 1373 1364 no
1390 1302 1471 1365 God.
1485 1322 1498 1355 r

282 1433 320 1449 -n
334 1399 441 1465 would
455 1417 509 1480 uer
522 1399 575 1481 (ss
589 1397 703 1480 Galen)
716 1398 783 1462 that
797 1401 876 1463 Man
891 1419 960 1466 was
977 1419 1100 1464 amore
1114 1401 1272 1463 excellent
1284 1400 1500 1482 composition

283 1495 357 1567 theu
371 1518 391 1560 e
404 1497 505 1576 heret,
519 1499 581 1573 and
595 1499 633 1579 by
648 1517 764 1571 reason
779 1497 902 1563 thereos
908 1499 999 1562 could
1012 1496 1126 1581 speak;
1141 1498 1197 1563 but
1211 1498 1358 1561 affirmed
1373 1497 1503 1567 mattis

282 1596 354 1658 soul
375 1594 450 1674 dred
473 1593 549 1673 with
574 1595 623 1663 his
637 1596 726 1677 body,
743 1596 807 1663 eud
825 1616 862 1659 as
877 1614 945 1661 wee
959 1596 1137 1663 remember
1158 1595 1293 1678 nothing
1304 1595 1417 1663 before
1429 1613 1503 1661 wee

282 1709 370 1757 were
383 1694 494 1772 borne,
511 1714 548 1758 so
562 1710 633 1757 wee
648 1692 728 1757 shall
742 1694 920 1757 remember
936 1693 1070 1776 nothing
1083 1693 1180 1757 when
1195 1711 1248 1757 we
1263 1715 1319 1756 are
1333 1694 1427 1758 dead.

324 1791 426 1855 «This
437 1827 475 1837 -
485 1792 615 1855 learned
629 1795 671 1855 all
687 1794 810 1856 Marloe
824 1792 861 1873 by
876 1791 975 1866 heart,
988 1792 1051 1855 and
1066 1793 1172 1855 divers
1186 1791 1294 1854 others
1304 1791 1448 1856 booles:
1464 1793 1501 1858 he

281 1890 391 1953 would
413 1911 514 1953 never
534 1889 615 1954 haue
637 1891 736 1954 above
760 1911 821 1954 one
844 1889 943 1953 booke
958 1901 990 1954 at
1012 1911 1032 1955 a
1051 1893 1137 1969 time,
1154 1891 1216 1953 and
1232 1889 1328 1953 when
1351 1889 1413 1955 hee
1431 1913 1501 1956 was

282 1986 400 2069 perfect
413 1989 448 2050 in
462 1989 498 2066 lt,
514 1987 573 2052 hee
583 1990 693 2053 would
708 1997 763 2072 put
776 1990 800 2052 it
814 2007 900 2070 away
914 1989 978 2053 and
991 2000 1045 2072 get
1059 1988 1203 2053 another.
1219 1991 1288 2053 Hee
1302 2005 1378 2054 was
1392 2010 1413 2054 a
1427 2004 1504 2071 very

281 2085 364 2167 good
378 2085 506 2150 scholar
520 2109 528 2150 ε
545 2095 625 2151 teste
639 2089 687 2150 Μ’
704 2121 755 2149 -.

325 2254 543 2322 Postremum
568 2253 667 2322 initio
689 2253 870 2340 poematis,
896 2253 933 2321 in
957 2253 1128 2343 margine,
1144 2272 1183 2320 ea
1202 2252 1308 2322 verba
1330 2252 1502 2343 inscripta

283 2361 364 2431 sunt
385 2379 394 2425 r

324 2524 337 2555 ι
355 2502 446 2564 Latet
460 2501 494 2564 in
507 2502 641 2567 muliere
660 2503 779 2584 aliquid
793 2505 898 2585 majus
913 2504 1074 2587 potentius
1095 2503 1244 2567 omnibus
1259 2503 1332 2568 aliis
1345 2503 1505 2570 humanis

281 2599 506 2682 voluptatibus.
513 2624 527 2656 »
534 2633 571 2644 -·
579 2601 703 2663 Marloe
708 2618 775 2663 was
786 2600 1122 2684 stabdwithadagger,
1129 2600 1193 2664 and
1203 2600 1280 2680 dyed
1290 2603 1497 2685 wearing.»

326 2765 369 2838 Ei
382 2765 444 2852 uui
457 2768 558 2835 notas
571 2765 650 2833 illas
665 2766 816 2852 scripsit,
834 2767 988 2836 Marlovii
1009 2785 1128 2854 poema
1152 2767 1390 2853 perplacuisse
1404 2769 1504 2838 vide·

282 2875 351 2951 tur,
377 2875 412 2943 et
433 2872 479 2941 ah
500 2891 540 2939 eo
568 2873 643 2941 sine
663 2873 769 2941 dubio
795 2875 950 2942 studiose
972 2875 1166 2942 revolutum
1189 2874 1268 2953 orit,
1284 2874 1501 2944 lineamenta

282 2978 375 3051 euim
390 2997 470 3049 oum
484 2973 618 3048 calamo
630 2980 729 3048 duxit
743 2981 863 3049 subter
875 3000 999 3050 versus
1012 2983 1168 3050 locorum
1181 2981 1241 3068 qui
1256 2982 1288 3048 ei
1302 2983 1499 3050 maximam

281 3085 468 3157 atterebant
498 3087 772 3155 delectationem.
811 3089 853 3154 lli
888 3089 954 3156 loci
985 3089 1180 3175 praesertim
1206 3089 1435 3158 inueniuntur
1462 3091 1500 3158 in

282 3192 419 3266 duabus
431 3193 558 3280 primis
571 3194 813 3276 Sestiodibus,
838 3214 858 3262 a
881 3195 1045 3264 llarlovio
1064 3196 1139 3282 ipso
1158 3196 1370 3281 compositis.
1387 3197 1501 3264 crede

282 3317 362 3366 eum
390 3300 513 3367 litteris
540 3301 717 3370 eruditum
745 3301 853 3370 tuisse
879 3305 913 3370 et
940 3303 984 3370 oh
1012 3321 1091 3370 eam
1113 3320 1189 3369 rem
1214 3301 1396 3390 religionis
1418 3318 1502 3389 qum

194 3416 196 3421 ⁴
281 3406 473 3495 Anglicana
505 3411 647 3476 vocatur
683 3407 854 3477 fautorem
881 3409 997 3496 potius
1024 3428 1130 3497 quam
1158 3409 1376 3479 Puritanum.
1410 3409 1496 3496 EJus

282 3515 399 3587 tomen
427 3515 518 3589 notae
532 3515 792 3588 accuratissime
807 3534 966 3585 rumores
989 3519 1024 3587 et
1038 3517 1187 3587 erimina
1203 3513 1358 3585 referunt
1371 3535 1392 3584 a
1406 3518 1494 3585 llar-

281 3617 365 3691 lovii
377 3618 534 3693 inimicis
549 3619 588 3691 in
601 3621 728 3712 vulgus
743 3620 883 3691 emissa.

323 3725 474 3803 Thomas
486 3727 774 3814 Beardusordiue
787 3728 1007 3815 disposuitet
1021 3729 1260 3807 uehementius
1274 3730 1498 3807 ormnem

280 3849 389 3925 quum
404 3832 470 3916 eiii
479 3833 666 3927 scriptores
684 3835 897 3921 exprompsit
920 3835 994 3909 haeo
1008 3835 1168 3917 rumim,
1186 3856 1264 3922 quaa
1277 3857 1298 3905 a
1312 3835 1408 3908 tonte
1420 3838 1499 3924 ipro

280 3937 477 4015 suetum
488 3941 706 4025 repeti-verat.

325 4045 398 4116 Res
414 4043 614 4114 munilestis
632 4047 776 4119 iudiciis
787 4049 993 4131 ostenditur,
1011 4049 1142 4118 etenim
1164 4050 1242 4118 hmo
1256 4050 1409 4119 cumino
1425 4066 1496 4120 nos

283 4148 374 4219 lama
393 4152 465 4219 sola
485 4151 586 4219 uehis
606 4154 734 4223 tradita
758 4158 851 4222 sunt.
872 4156 1019 4224 (tellecta
1041 4158 1096 4225 vel
1115 4159 1272 4225 contexta
1291 4156 1433 4226 luerunt
1451 4155 1499 4226 ah

284 4275 351 4324 uno
375 4277 416 4325 ex
436 4258 491 4325 his
515 4259 688 4326 sceleratis
712 4262 773 4346 qui
799 4280 935 4348 semper
958 4264 1001 4331 ad
1027 4264 1155 4332 indicia
1178 4262 1362 4333 deferenda
1383 4266 1493 4353 parati

284 4366 376 4443 sunt,
393 4365 466 4434 sive
478 4384 537 4451 spe
552 4367 734 4448 mercedis,
752 4368 824 4436 sive
839 4372 878 4437 ut
896 4370 1023 4438 satient
1036 4371 1205 4440 invidiam
1220 4390 1320 4442 suam
1344 4372 1386 4441 in
1401 4374 1500 4443 viros-

283 4469 343 4555 qui
358 4471 485 4539 virtute
502 4473 664 4556 quadam,
688 4475 742 4540 vel
761 4476 888 4555 nativa,
907 4479 962 4545 vel
987 4478 1103 4544 labore
1127 4483 1235 4562 parta,
1257 4480 1390 4545 caeteris
1406 4497 1492 4565 prae-

284 4579 388 4658 stant,
413 4584 446 4646 et
471 4579 514 4646 ab
538 4597 577 4646 eo
600 4579 636 4645 in
661 4579 768 4647 libelli
791 4580 938 4649 formam
962 4584 1006 4651 ad
1025 4584 1269 4672 magistratum
1289 4584 1345 4652 cul
1365 4603 1492 4653 nomen

286 4710 301 4744 α
332 4684 421 4752 Lord
443 4684 542 4753 Chiel
564 4686 694 4755 Justice
718 4713 734 4748 »
757 4688 864 4756 missa
890 4688 1042 4758 luerunt.
1064 4690 1129 4774 Qui
1155 4690 1313 4758 libellum
1338 4693 1490 4777 scripsit,

283 4793 457 4859 asseverat
469 4793 672 4862 Marluvium
691 4813 747 4862 res
760 4813 840 4880 quae
853 4797 896 4864 ad
912 4797 1116 4884 religionem
1131 4797 1303 4883 pertinent
1317 4798 1492 4885 atquibus
