3120 5474
682 410 840 477 ..64-

154 588 218 661 est,
248 583 416 650 Thornam
444 580 647 671 Beardum),
673 584 904 651 disserentem
934 583 979 651 de
1002 583 1185 651 Britannis
1208 582 1265 669 qui
1286 583 1347 649 deos

157 691 271 759 nultos
289 708 364 755 esse
379 688 520 755 omnino
539 688 653 772 palam
672 688 880 755 contendere
893 688 970 755 ausi
985 693 1086 765 suut,
1107 690 1231 755 testem
1255 693 1345 774 pretu-

158 798 240 865 lisse
264 816 372 863 unum
392 816 410 863 e
434 795 611 861 britannis
635 795 717 872 itlis,
739 794 839 881 cujus
859 812 985 862 nomen
1009 795 1151 862 silentio
1165 795 1345 881 praeteritur,

155 909 190 972 et
221 904 280 989 qui
319 923 356 969 se
389 904 504 987 ipsum
538 902 665 987 peccati
699 902 971 997 insimulaverit,
1007 920 1118 987 quum
1156 902 1208 968 ira
1242 900 1347 969 coetedi

154 1030 339 1097 oppressus
365 1008 478 1076 fuerit.
501 1036 515 1067 »
539 1010 587 1075 Ea
611 1008 776 1087 reserens,
802 1009 917 1075 lecum
942 1014 1124 1095 sumptum
1145 1027 1165 1075 e
1187 1007 1347 1075 libellocui

157 1144 171 1175 ι
193 1118 264 1185 The
278 1120 509 1202 Itepeutuocc
526 1142 539 1173 ι
559 1131 684 1181 nomen
700 1115 912 1181 transcribit.

198 1223 293 1304 Quod
323 1222 475 1307 primurn
510 1225 665 1287 senserat
695 1221 821 1306 [tycius
847 1239 928 1287 vero
958 1239 1158 1308 congruens
1182 1240 1255 1289 esse
1279 1221 1348 1287 mihi

153 1331 303 1405 videtur,
325 1329 393 1395 duo
409 1328 502 1394 enim
519 1332 622 1393 testes
637 1328 765 1411 quibus
781 1328 823 1393 de
842 1328 1012 1395 sententia
1029 1347 1091 1395 sua
1109 1330 1288 1396 deterritus
1299 1328 1348 1394 fuit

155 1436 337 1503 scribendo
356 1453 424 1502 non
441 1435 544 1500 rebus
565 1434 682 1500 lumen
703 1434 937 1502 adhibuerunt
957 1435 1123 1503 idoneum
1144 1439 1191 1514 et,
1211 1440 1348 1522 utsupra

153 1544 238 1621 disi,
256 1543 290 1608 in
309 1541 542 1626 suspicionem
559 1540 729 1608 mendacii
745 1541 953 1609 inciderunt.

198 1649 384 1715 Ostendam
410 1646 498 1713 infra
514 1648 656 1714 Chetteli
674 1648 914 1716 testimonium
927 1650 1065 1717 nullum
1081 1650 1209 1718 habere
1223 1650 1347 1737 pondus.

153 1755 189 1820 T.
208 1756 246 1820 B.
268 1774 360 1831 vero,
382 1754 411 1819 si
436 1772 527 1819 unus
546 1759 579 1820 et
599 1755 690 1821 idern
711 1761 763 1822 est
778 1774 817 1823 ac
833 1756 981 1823 Thomas
1000 1758 1168 1836 Beardus
1189 1758 1308 1844 pariter
1322 1755 1349 1821 iu

153 1860 387 1947 suspicionem
403 1860 509 1925 venit.
528 1861 623 1926 Unus
642 1865 715 1926 erat
735 1881 775 1927 ex
801 1861 872 1928 illis
895 1861 954 1948 qui
975 1863 1132 1930 Puritani
1148 1865 1348 1939 vocabantur,

152 1973 186 2036 et
199 1987 308 2054 quum
320 1968 361 2033 ad
374 1966 577 2034 ttartovium
590 1972 754 2046 revertar,
768 1968 854 2035 illud
866 1969 1008 2053 planum
1021 1969 1160 2049 faciam,
1173 1972 1235 2038 hos
1244 1971 1349 2038 iisdem

151 2075 365 2160 temporibus
379 2074 602 2159 pertinaciter
613 2074 657 2139 iis
666 2075 726 2159 qui
740 2074 874 2142 fabulas
884 2074 1045 2143 dicebant
1054 2080 1089 2143 et
1099 2078 1248 2165 agebant
1259 2076 1351 2144 infen-

148 2201 205 2249 sos
224 2182 343 2258 fuisse,
370 2183 403 2246 et
427 2177 555 2262 saepius
568 2177 647 2263 jure
667 2197 707 2245 ac
723 2178 848 2244 merito
863 2179 916 2245 ira
931 2179 1090 2247 incensos
1104 2180 1214 2249 fuisse
1228 2180 1353 2270 flagitiis

147 2288 275 2373 quibus
315 2286 443 2353 scenici
478 2285 551 2351 ludi
584 2288 721 2369 tempus
750 2288 985 2370 opportunum
1018 2289 1053 2353 et
1094 2288 1211 2355 locum
1251 2292 1354 2374 aptum

148 2394 363 2480 praebebant.
395 2393 440 2459 Iis
461 2392 520 2477 qui
544 2391 678 2458 fabulas
697 2392 865 2459 docebant
883 2392 984 2480 louge
1001 2393 1239 2462 inimicissimi
1258 2395 1354 2462 erant.

151 2499 426 2586 Diligentissima
450 2496 673 2583 inquirebant
696 2497 843 2563 minima
865 2516 986 2564 eorum
1011 2498 1176 2580 facinora,
1193 2506 1233 2567 ut
1250 2501 1305 2567 itta
1323 2499 1357 2564 iis

152 2606 189 2672 in
226 2605 415 2690 perniciem
447 2606 620 2684 caderent,
651 2604 705 2671 vel
733 2623 773 2670 ex
808 2604 878 2670 itlis
908 2605 1056 2671 crimina
1084 2605 1171 2673 falsa
1206 2610 1266 2675 aut
1289 2624 1359 2673 vera

152 2715 323 2779 eruerent.
351 2711 472 2777 Statim
498 2716 536 2777 ut
560 2710 584 2776 ii
610 2711 721 2776 evita
746 2710 999 2789 discessissent,
1025 2713 1233 2779 memoriam
1253 2729 1361 2780 eorum

153 2818 366 2902 arripiebant
400 2819 433 2883 et
466 2837 507 2884 ex
536 2817 593 2883 itta
628 2817 771 2884 consilia
800 2818 855 2883 vet
883 2815 1139 2885 admonitiones
1174 2822 1362 2888 sumebant.

153 2927 321 2992 Caeterum
346 2924 587 2990 eodemmodo
611 2942 648 2989 se
667 2923 832 3010 gerebant
855 2942 936 3010 erga
952 2941 1073 2990 omnes
1097 2929 1201 2994 aetate
1224 2927 1366 3013 aequales

152 3031 212 3118 qui
239 3032 388 3099 Deorum
416 3030 670 3117 contemptione
695 3030 850 3118 insignes
878 3030 1025 3097 fuerant..
1053 3032 1088 3097 Si
1113 3031 1263 3100 facultas
1286 3035 1369 3099 esset

152 3138 313 3205 credendi
330 3156 387 3203 eos
401 3138 604 3222 poenituisse
619 3138 800 3222 culparum
817 3156 972 3217 suarum,
986 3138 1191 3223 poenitentia
1203 3141 1257 3206 vet
1276 3140 1368 3220 falsa,

152 3246 206 3312 vel
222 3264 302 3312 vera
326 3247 442 3313 verbis
466 3245 696 3333 effingebatur
714 3246 906 3331 aptissimis
930 3247 973 3313 ad
993 3247 1130 3312 animos
1154 3249 1372 3330 peccantium

152 3352 352 3419 movendos.
384 3353 419 3421 Si
449 3357 568 3420 contra
605 3352 630 3417 ii
668 3369 738 3418 non
770 3353 894 3419 mutati
923 3357 1039 3419 essent
1067 3353 1104 3418 in
1131 3354 1373 3437 poenitentiam

153 3462 338 3541 antequam
371 3459 535 3543 spiritum
563 3461 757 3524 extremum
787 3459 990 3538 redderent,
1025 3457 1184 3524 Puritani
1220 3460 1375 3526 solebant

152 3564 328 3631 audaciter
343 3584 469 3652 augere
487 3565 657 3631 scelerum
677 3564 933 3630 immanitatem
957 3567 991 3631 et
1013 3583 1123 3649 poenae
1143 3565 1323 3633 cruciatus
1340 3568 1375 3632 ut

39 3714 43 3721 ‚
153 3670 319 3755 majorem
336 3675 504 3738 terrorem
518 3671 741 3756 peccantibus
761 3670 940 3738 inferrent.
957 3671 1126 3737 Animum
1147 3671 1377 3739 intendebant

152 3795 222 3844 non
249 3777 293 3843 ad
325 3796 380 3843 res
408 3779 627 3864 exponendas
657 3779 912 3845 accommodate
942 3778 985 3844 ad
1014 3779 1211 3858 veritatem,
1242 3780 1305 3846 sed
1333 3779 1375 3846 ad

152 3883 367 3969 propositum
383 3903 485 3950 suum
503 3884 763 3970 perficiendum,
781 3889 814 3951 et
829 3885 920 3970 quod
936 3888 1034 3951 erant
1049 3885 1096 3951 ita
1111 3889 1230 3952 mente
1246 3886 1372 3967 affecti,

152 3989 275 4076 religio
298 3989 342 4054 iis
365 4007 434 4056 non
459 3995 533 4057 erat
556 3991 744 4076 quominus
760 4011 882 4059 verum
902 3994 1177 4075 corrumperent,
1194 4010 1252 4058 res
1267 3993 1373 4058 etiarn

101 4095 255 4161 nfatsas
282 4095 546 4164 fabricarentur.
577 4084 673 4204 Hdnc
703 4117 838 4165 morem
871 4102 992 4164 eventa
1021 4097 1187 4165 narrandi
1221 4098 1374 4166 servavit

149 4202 298 4269 Thomas
335 4204 488 4270 Beardus
529 4223 638 4290 quum
677 4204 882 4272 Divinarum
919 4204 1136 4272 Judiciorum
1182 4204 1372 4271 Theatrum

151 4311 355 4392 compesuit,
372 4314 406 4376 et
424 4310 527 4396 isqui
544 4311 683 4397 scripsit
704 4311 863 4378 libellum
882 4311 952 4379 The
965 4314 1200 4397 Repentaoce
1226 4310 1373 4394 inscrip

151 4417 227 4480 tum
242 4415 341 4501 cujus
361 4418 475 4483 iocum
494 4417 624 4502 profert
637 4420 675 4485 T.
692 4419 730 4483 B.
753 4417 853 4505 (forte
876 4419 1024 4485 Thomas
1049 4416 1217 4505 Beardus)
1245 4417 1370 4484 iisdem

152 4520 399 4605 cupiditatibus
423 4523 605 4605 serviebat,
632 4526 670 4590 ut
700 4529 851 4610 apparet,
877 4528 911 4590 et
939 4542 1008 4591 non
1023 4523 1219 4590 accuratius
1250 4539 1368 4608 parce-

151 4626 210 4699 bat
242 4625 343 4696 famae
370 4647 490 4697 eorum
513 4648 600 4717 quos
620 4629 831 4697 incursabat.
863 4631 958 4714 Quod
981 4628 1176 4716 comperies
1202 4628 1233 4696 si
1255 4628 1368 4696 solum
