3120 5474
168 99 255 168 simo
271 100 553 188 quingentesimo
578 99 790 186 octogesimo
814 103 936 183 quarto
960 98 1085 187 (1584),
1103 104 1182 166 ante
1206 99 1297 166 diem
1317 100 1384 164 ter·

167 208 253 276 tium
263 209 440 276 decimum
451 207 616 274 calendas
627 206 797 288 Quintiles
809 208 864 292 (19
875 206 980 293 juin).
993 207 1181 274 Dulccdine
1191 208 1385 274 litterarum

167 314 319 394 illectuS,
344 315 463 381 eodem
486 332 576 380 anno
599 314 754 398 primum
775 314 996 399 exoperibus
1021 315 1110 394 suis,
1133 315 1290 381 libellum
1316 314 1386 380 The

164 425 348 506 Myrrour
367 419 411 506 of
428 421 603 488 Modestia
623 420 841 504 inscriptum!
866 421 1080 505 composuit;
1099 440 1189 487 anno
1209 424 1383 506 sequente,

166 528 205 594 ad
226 527 411 594 medicinae
434 526 588 592 studium
615 526 789 611 paulisper
810 545 846 591 se
866 527 1011 592 contulit
1031 530 1069 593 et·
1088 546 1178 594 anno
1199 527 1387 593 millesimo

165 634 449 720 quingentesimo
477 633 689 718 octogesimo
717 635 812 698 sexto
845 633 958 719 (1586)
993 634 1216 700 matrimonio
1245 633 1387 719 junctus

164 740 243 806 fuit.
257 741 323 807 Sed
339 757 482 807 uxorem
498 756 597 804 suam
614 739 716 823 paulo
731 757 810 803 mox
825 739 978 805 deseruit
993 743 1031 806 ut
1048 726 1084 805 i'n
1100 743 1216 824 stupra
1233 758 1389 824 prorum-

163 849 260 931 peret
287 845 416 930 quibus
445 846 566 930 plusve
590 845 750 911 minusve
774 863 810 911 se
837 846 1161 913 contaminaverunt
1183 845 1384 921 llarloviuS‚

163 953 271 1033 Nasb,
300 952 432 1030 Pectus
465 952 629 1039 Lodgius,
647 951 731 1018 socii
755 954 788 1018 et
806 953 923 1018 aemuli
948 953 1015 1032 sui,
1043 952 1148 1018 simul
1170 971 1210 1018 ac
1229 952 1386 1037 plerique

164 1060 378 1143 scriptorum
394 1062 492 1124 aetate
510 1058 709 1144 aequalium.
728 1059 753 1124 ll
771 1059 839 1124 vita
855 1058 1015 1125 discessit
1030 1059 1161 1142 aliquot
1175 1062 1252 1144 post
1269 1059 1382 1138 annin,

164 1164 353 1230 antediem
370 1167 534 1248 quartum
549 1165 602 1230 vel
622 1165 763 1230 tertium
780 1166 894 1230 Nonas
910 1164 1140 1250 Septembres
1162 1183 1251 1231 anno
1273 1165 1385 1233 mille-

164 1271 255 1336 simo
284 1269 566 1356 quingentesimo
592 1270 820 1357 nonagesimo
843 1271 995 1338 secundo
1020 1272 1066 1359 (le
1091 1272 1112 1338 2
1140 1291 1183 1338 ou
1208 1273 1239 1338 le
1264 1274 1283 1340 3
1313 1291 1387 1358 sep·

166 1376 302 1442 tembre
320 1376 430 1462 1592).

209 1483 265 1549 Nil
287 1486 451 1567 praeterea
468 1483 510 1549 de
525 1481 684 1575 vilaejus
703 1487 918 1569 compertum
943 1487 1006 1551 est.
1032 1486 1215 1552 Nonnullis
1238 1485 1343 1552 etiam
1369 1505 1388 1551 e

168 1589 274 1655 rebus
303 1606 408 1674 supra
439 1589 558 1655 relatis
581 1589 667 1656 fides
691 1590 828 1657 incaute
851 1608 921 1657 non
955 1591 1150 1659 adhibenda
1174 1595 1246 1670 est,
1280 1591 1389 1659 donec

166 1696 373 1762 certioribus
394 1698 611 1782 argumentis
631 1697 847 1764 roborentur.
875 1699 1025 1778 Caeterae,
1055 1717 1133 1783 qua>
1156 1699 1275 1765 multae
1294 1701 1386 1777 sunt,

167 1803 340 1889 originem
365 1803 496 1870 ducunt
522 1824 541 1871 a
567 1804 702 1872 duobus
725 1804 925 1871 auctoribus
945 1805 1003 1891 qui
1025 1808 1196 1872 venerunt
1219 1805 1255 1871 in
1275 1806 1388 1889 suspi-

169 1908 304 1975 cionem
321 1909 496 1976 mendacii
512 1914 545 1977 et
565 1911 697 1977 nullam
713 1911 840 1977 habent
856 1913 1109 1980 auctoritatem.
1126 1915 1212 1990 lrno,
1229 1911 1387 1998 quaedam

167 2020 264 2081 extra
280 2015 382 2082 fidem
399 2020 491 2084 sunt.
510 2018 536 2084 E
555 2017 690 2085 duobus
706 2017 858 2085 lontibus
874 2019 956 2099 illis,
978 2038 1070 2087 unus
1094 2023 1146 2087 est
1170 2019 1309 2086 libellus
1327 2019 1387 2104 qui

167 2122 297 2189 dicitur
311 2142 319 2188 ε

210 2301 223 2331 ‹
248 2280 316 2341 The
330 2279 536 2360 Repentance
552 2284 593 2361 os
600 2280 725 2343 Roberl
742 2282 879 2357 Greene,
895 2281 1038 2344 Maiatcr
1050 2285 1091 2362 os
1101 2282 1215 2344 Artes.
1231 2280 1388 2345 Wherein

169 2376 209 2457 by
227 2376 377 2454 bimaelse
393 2378 422 2438 ie
438 2377 508 2440 laid
522 2398 601 2460 open
617 2377 669 2440 his
686 2379 772 2441 looee
791 2379 862 2459 lise,
888 2378 967 2441 wilk
984 2381 1037 2442 tle
1052 2400 1189 2442 manner·
1210 2383 1251 2460 os
1267 2381 1317 2442 hia
1332 2381 1390 2443 de-

168 2476 239 2536 ath.
256 2478 307 2537 At
320 2476 471 2552 London,
492 2475 636 2538 Printed
648 2481 706 2554 sor·
724 2477 884 2540 cuthbert
898 2477 1037 2554 Burbie,
1061 2477 1129 2539 and
1143 2498 1199 2539 are
1216 2483 1247 2540 to
1264 2478 1300 2540 be
1316 2479 1391 2540 sold

167 2578 202 2634 cl
224 2572 278 2634 tle
293 2572 415 2636 middle
429 2574 511 2655 abop
527 2573 561 2635 in
578 2575 631 2637 the
645 2577 801 2656 Poullrgh
820 2574 925 2638 under
940 2576 1038 2638 Sainl
1056 2575 1221 2637 Mildrcds
1240 2576 1387 2655 Charch,

365 2669 386 2731 ¹.
406 2695 419 2725 )

167 2673 302 2831 miliia?
312 2676 364 2831 iiii
379 2770 492 2832 titulus
507 2770 702 2851 imponitur:
716 2793 732 2827 <<
744 2773 839 2834 Four
854 2773 976 2850 letters,
994 2771 1061 2832 and
1071 2772 1214 2834 certainc
1225 2771 1389 2835 Sennete:

169 2866 359 2948 Especially
375 2869 531 2949 loucbing
544 2868 666 2930 Roberl
685 2871 822 2946 Greene,
836 2875 910 2946 etc,
927 2872 1023 2949 1592,
1042 2892 1056 2924 a
1073 2888 1154 2950 opus
1169 2879 1217 2932 est
1232 2870 1390 2934 Gabrielis

172 2965 317 3039 Harveii,
334 2965 387 3045 qui
404 2965 532 3027 Greeno
547 2966 750 3047 pertinaciter
764 2965 911 3030 infensus
926 2967 994 3030 fuit.

214 3130 329 3212 Quum
367 3131 426 3198 lte
465 3133 697 3216 Repentuucc
731 3132 895 3220 legerem,
926 3132 1040 3218 inquit
1063 3132 1202 3219 Dycius‚
1233 3131 1320 3199 mihi
1352 3131 1388 3200 in

170 3241 323 3303 mentem
341 3239 435 3305 venit
450 3237 543 3304 hunc
558 3237 715 3305 libellum
730 3257 799 3305 non
809 3258 828 3305 a
839 3240 970 3306 Greeno
981 3240 1150 3325 scriptum
1162 3241 1279 3308 luisse.
1298 3241 1387 3309 Eum

172 3344 369 3413 existimavi
380 3348 611 3433 compositum
621 3347 728 3416 fuisse
743 3369 762 3416 a
775 3350 941 3434 scriptore
956 3350 1015 3434 qui
1033 3351 1099 3416 sibi
1111 3355 1336 3436 proposuerat
1351 3354 1391 3418 ut

172 3450 312 3517 lucrum
340 3450 467 3519 laceret
490 3473 508 3520 e
532 3471 660 3542 magna
684 3455 758 3541 ejus
786 3455 890 3522 lama.
918 3456 1059 3523 Duabus
1084 3461 1200 3525 autem
1222 3459 1323 3525 rebus
1347 3456 1390 3524 de

172 3558 344 3625 sententia
369 3559 556 3627 deterritus
581 3560 643 3627 lui.
664 3562 874 3629 Proaemium
889 3563 1035 3649 legendo
1049 3564 1141 3650 quod
1160 3564 1334 3632 Chettelus
1353 3564 1391 3630 in

170 3664 283 3731 fronte
309 3665 416 3732 libelli
432 3668 661 3735 Illud-Horis
682 3671 842 3736 Drcame
869 3669 1027 3756 inscripti
1052 3671 1253 3757 praeposuit,
1277 3672 1390 3756 reperi

169 3792 249 3842 eum
271 3775 331 3860 qui
347 3792 433 3860 opus
451 3774 553 3842 titulo
573 3776 757 3845 Gallicam
777 3778 1009 3846 academiam
1033 3776 1118 3866 (The
1133 3777 1279 3845 French
1294 3780 1389 3845 Acu-

169 3880 288 3967 demy)
315 3881 353 3948 in
377 3881 534 3969 linguam
555 3882 790 3951 britannicam
811 3886 1001 3965 transtulit,
1018 3886 1055 3951 T.
1073 3887 1111 3951 B.
1131 3882 1183 3972 (ut
1199 3884 1388 3952 verisimile

198 4115 207 4150 ¹
225 4111 281 4164 'l’he
294 4111 433 4164 Dramatic
443 4111 539 4164 Worlrs
551 4113 581 4165 ol
592 4112 693 4166 Robert
704 4114 818 4178 streone,
832 4117 859 4166 to
871 4114 960 4167 which
975 4128 1022 4167 are
1033 4113 1121 4166 added
1135 4112 1179 4166 his
1193 4126 1297 4180 poems.
1311 4112 1388 4165 With

168 4207 244 4246 some
263 4196 382 4245 account
403 4193 433 4243 ol
446 4193 492 4244 the
513 4194 620 4257 author,
642 4194 697 4245 and
718 4195 810 4257 Notes,
825 4196 863 4260 by
883 4196 929 4246 the
948 4196 1012 4247 Rev.
1032 4195 1186 4247 Alexander
1208 4195 1287 4261 Dyce,
1308 4193 1336 4244 B.
1358 4193 1388 4246 A.

168 4275 290 4337 london,
306 4274 352 4327 W.
366 4272 520 4339 Pickering‚
533 4274 604 4340 1831,
619 4275 634 4326 2
649 4275 702 4326 vol.
717 4275 794 4339 in·8⁰‚
808 4276 862 4328 vol.
880 4276 900 4340 l,
914 4290 941 4342 p.
954 4291 983 4327 u.
