<?xml version="1.0" encoding="UTF-8"?>
<!DOCTYPE html PUBLIC "-//W3C//DTD XHTML 1.0 Transitional//EN"
    "http://www.w3.org/TR/xhtml1/DTD/xhtml1-transitional.dtd">
<html xmlns="http://www.w3.org/1999/xhtml" xml:lang="en" lang="en">
 <head>
  <title>
</title>
<meta http-equiv="Content-Type" content="text/html;charset=utf-8" />
  <meta name='ocr-system' content='tesseract 3.04.00' />
  <meta name='ocr-capabilities' content='ocr_page ocr_carea ocr_par ocr_line ocrx_word'/>
</head>
<body>
  <div class='ocr_page' id='page_1' title='image "./demarlovianisfa00faligoog_0061.png"; bbox 0 0 3120 5474; ppageno 0'>
   <div class='ocr_carea' id='block_1_1' title="bbox 700 446 859 511">
    <p class='ocr_par' dir='ltr' id='par_1_1' title="bbox 700 446 859 511">
     <span class='ocr_line' id='line_1_1' title="bbox 700 446 859 511; baseline -0.006 -18"><span class='ocrx_word' id='word_1_1' title='bbox 700 446 859 511; x_wconf 70' lang='lat' dir='ltr'>..yp-</span> 
     </span>
    </p>
   </div>
   <div class='ocr_carea' id='block_1_2' title="bbox 168 612 1389 4122">
    <p class='ocr_par' dir='ltr' id='par_1_2' title="bbox 172 612 1367 1011">
     <span class='ocr_line' id='line_1_2' title="bbox 173 612 1366 712; baseline 0.008 -31"><span class='ocrx_word' id='word_1_2' title='bbox 173 612 393 693; x_wconf 84' lang='lat' dir='ltr'>Henslovius,</span> <span class='ocrx_word' id='word_1_3' title='bbox 416 632 525 698; x_wconf 93' lang='lat' dir='ltr'>quum</span> <span class='ocrx_word' id='word_1_4' title='bbox 545 630 636 682; x_wconf 93' lang='lat' dir='ltr'>anno</span> <span class='ocrx_word' id='word_1_5' title='bbox 655 615 843 685; x_wconf 88' lang='lat' dir='ltr'>millesimo</span> <span class='ocrx_word' id='word_1_6' title='bbox 861 618 1143 707; x_wconf 90' lang='lat' dir='ltr'>quingentesimo</span> <span class='ocrx_word' id='word_1_7' title='bbox 1166 624 1366 712; x_wconf 87' lang='lat' dir='ltr'>nonagesimo</span> 
     </span>
     <span class='ocr_line' id='line_1_3' title="bbox 172 720 1367 807; baseline 0.008 -19"><span class='ocrx_word' id='word_1_8' title='bbox 172 724 292 788; x_wconf 81' lang='lat' dir='ltr'>octavo</span> <span class='ocrx_word' id='word_1_9' title='bbox 309 720 421 807; x_wconf 78' lang='grc'><strong>(11198)</strong></span> <span class='ocrx_word' id='word_1_10' title='bbox 439 725 472 787; x_wconf 87' lang='grc'>11</span> <span class='ocrx_word' id='word_1_11' title='bbox 487 721 659 807; x_wconf 81' lang='lat' dir='ltr'>posterius</span> <span class='ocrx_word' id='word_1_12' title='bbox 676 721 800 789; x_wconf 89' lang='lat' dir='ltr'>litteris</span> <span class='ocrx_word' id='word_1_13' title='bbox 820 725 1036 793; x_wconf 84' lang='lat' dir='ltr'>mandaverit</span> <span class='ocrx_word' id='word_1_14' title='bbox 1055 732 1156 796; x_wconf 89' lang='lat' dir='ltr'>notas</span> <span class='ocrx_word' id='word_1_15' title='bbox 1178 731 1220 797; x_wconf 86' lang='lat' dir='ltr'>ad</span> <span class='ocrx_word' id='word_1_16' title='bbox 1239 729 1367 797; x_wconf 84' lang='lat' dir='ltr'>fabulam</span> 
     </span>
     <span class='ocr_line' id='line_1_4' title="bbox 175 827 1367 914; baseline 0.007 -20"><span class='ocrx_word' id='word_1_17' title='bbox 175 832 395 895; x_wconf 73' lang='lat' dir='ltr'>retractatam</span> <span class='ocrx_word' id='word_1_18' title='bbox 412 828 465 894; x_wconf 82' lang='lat' dir='ltr'>rel</span> <span class='ocrx_word' id='word_1_19' title='bbox 481 827 684 913; x_wconf 77' lang='lat' dir='ltr'>rescriptam</span> <span class='ocrx_word' id='word_1_20' title='bbox 700 830 936 914; x_wconf 83' lang='lat' dir='ltr'>respicientes,</span> <span class='ocrx_word' id='word_1_21' title='bbox 958 834 1168 903; x_wconf 81' lang='lat' dir='ltr'>vocabulum</span> <span class='ocrx_word' id='word_1_22' title='bbox 1186 837 1287 904; x_wconf 86' lang='lat' dir='ltr'>Guise</span> <span class='ocrx_word' id='word_1_23' title='bbox 1301 838 1367 904; x_wconf 89' lang='lat' dir='ltr'>scri·</span> 
     </span>
     <span class='ocr_line' id='line_1_5' title="bbox 172 933 908 1011; baseline 0.004 -10"><span class='ocrx_word' id='word_1_24' title='bbox 172 936 285 1003; x_wconf 91' lang='lat' dir='ltr'>bendo</span> <span class='ocrx_word' id='word_1_25' title='bbox 301 953 369 1003; x_wconf 93' lang='lat' dir='ltr'>non</span> <span class='ocrx_word' id='word_1_26' title='bbox 384 952 465 1011; x_wconf 91' lang='lat' dir='ltr'>una,</span> <span class='ocrx_word' id='word_1_27' title='bbox 483 934 543 1001; x_wconf 92' lang='lat' dir='ltr'>sed</span> <span class='ocrx_word' id='word_1_28' title='bbox 558 933 693 1000; x_wconf 93' lang='lat' dir='ltr'>duabus</span> <span class='ocrx_word' id='word_1_29' title='bbox 708 934 731 1000; x_wconf 89' lang='lat' dir='ltr'>S</span> <span class='ocrx_word' id='word_1_30' title='bbox 747 955 831 1003; x_wconf 91' lang='lat' dir='ltr'>usus</span> <span class='ocrx_word' id='word_1_31' title='bbox 845 941 908 1004; x_wconf 92' lang='lat' dir='ltr'>est.</span> 
     </span>
    </p>

    <p class='ocr_par' dir='ltr' id='par_1_3' title="bbox 171 1040 1370 1982">
     <span class='ocr_line' id='line_1_6' title="bbox 215 1040 1366 1139; baseline 0.007 -30"><span class='ocrx_word' id='word_1_32' title='bbox 215 1044 335 1110; x_wconf 88' lang='lat' dir='ltr'>Nonne</span> <span class='ocrx_word' id='word_1_33' title='bbox 354 1042 440 1107; x_wconf 91' lang='lat' dir='ltr'>mihi</span> <span class='ocrx_word' id='word_1_34' title='bbox 457 1060 554 1127; x_wconf 80' lang='lat' dir='ltr'>aeque</span> <span class='ocrx_word' id='word_1_35' title='bbox 576 1040 724 1107; x_wconf 92' lang='lat' dir='ltr'>liberum</span> <span class='ocrx_word' id='word_1_36' title='bbox 745 1048 835 1110; x_wconf 89' lang='lat' dir='ltr'>esset</span> <span class='ocrx_word' id='word_1_37' title='bbox 857 1045 916 1111; x_wconf 79' lang='lat' dir='ltr'>tlte</span> <span class='ocrx_word' id='word_1_38' title='bbox 932 1049 1092 1135; x_wconf 79' lang='lat' dir='ltr'>trapedy</span> <span class='ocrx_word' id='word_1_39' title='bbox 1110 1048 1155 1135; x_wconf 83' lang='lat' dir='ltr'>of</span> <span class='ocrx_word' id='word_1_40' title='bbox 1165 1050 1248 1136; x_wconf 78' lang='lat' dir='ltr'>Gap</span> <span class='ocrx_word' id='word_1_41' title='bbox 1263 1052 1366 1139; x_wconf 88' lang='lat' dir='ltr'>legere,</span> 
     </span>
     <span class='ocr_line' id='line_1_7' title="bbox 171 1148 1369 1239; baseline 0.008 -24"><span class='ocrx_word' id='word_1_42' title='bbox 171 1149 365 1235; x_wconf 88' lang='lat' dir='ltr'>praesertim</span> <span class='ocrx_word' id='word_1_43' title='bbox 381 1167 490 1236; x_wconf 95' lang='lat' dir='ltr'>quum</span> <span class='ocrx_word' id='word_1_44' title='bbox 511 1148 644 1239; x_wconf 79' lang='lat' dir='ltr'>clarum</span> <span class='ocrx_word' id='word_1_45' title='bbox 664 1149 710 1215; x_wconf 86' lang='lat' dir='ltr'>sit</span> <span class='ocrx_word' id='word_1_46' title='bbox 729 1168 834 1217; x_wconf 88' lang='lat' dir='ltr'>unam</span> <span class='ocrx_word' id='word_1_47' title='bbox 852 1170 893 1217; x_wconf 86' lang='lat' dir='ltr'>ex</span> <span class='ocrx_word' id='word_1_48' title='bbox 916 1151 1043 1221; x_wconf 89' lang='lat' dir='ltr'>sabulis</span> <span class='ocrx_word' id='word_1_49' title='bbox 1067 1158 1315 1225; x_wconf 89' lang='lat' dir='ltr'>commenticiis</span> <span class='ocrx_word' id='word_1_50' title='bbox 1327 1178 1369 1225; x_wconf 89' lang='lat' dir='ltr'>res</span> 
     </span>
     <span class='ocr_line' id='line_1_8' title="bbox 171 1252 1368 1349; baseline 0.008 -28"><span class='ocrx_word' id='word_1_51' title='bbox 171 1256 310 1343; x_wconf 85' lang='lat' dir='ltr'>egregie</span> <span class='ocrx_word' id='word_1_52' title='bbox 330 1256 373 1323; x_wconf 93' lang='lat' dir='ltr'>ab</span> <span class='ocrx_word' id='word_1_53' title='bbox 392 1255 567 1343; x_wconf 90' lang='lat' dir='ltr'>equitibus</span> <span class='ocrx_word' id='word_1_54' title='bbox 583 1252 808 1344; x_wconf 81' lang='lat' dir='ltr'>(chevaliers)</span> <span class='ocrx_word' id='word_1_55' title='bbox 828 1261 944 1344; x_wconf 87' lang='lat' dir='ltr'>gestas</span> <span class='ocrx_word' id='word_1_56' title='bbox 963 1261 1189 1328; x_wconf 86' lang='lat' dir='ltr'>narrantibus</span> <span class='ocrx_word' id='word_1_57' title='bbox 1208 1267 1242 1329; x_wconf 92' lang='lat' dir='ltr'>et</span> <span class='ocrx_word' id='word_1_58' title='bbox 1259 1269 1368 1349; x_wconf 81' lang='lat' dir='ltr'>tempe</span> 
     </span>
     <span class='ocr_line' id='line_1_9' title="bbox 172 1362 1370 1451; baseline 0.01 -25"><span class='ocrx_word' id='word_1_59' title='bbox 172 1362 271 1428; x_wconf 91' lang='lat' dir='ltr'>ribus</span> <span class='ocrx_word' id='word_1_60' title='bbox 288 1362 410 1430; x_wconf 91' lang='lat' dir='ltr'>iisdem</span> <span class='ocrx_word' id='word_1_61' title='bbox 426 1362 522 1449; x_wconf 82' lang='lat' dir='ltr'>vulgi</span> <span class='ocrx_word' id='word_1_62' title='bbox 539 1362 650 1448; x_wconf 89' lang='lat' dir='ltr'>gratia</span> <span class='ocrx_word' id='word_1_63' title='bbox 662 1362 869 1442; x_wconf 75' lang='lat' dir='ltr'>valentibus,</span> <span class='ocrx_word' id='word_1_64' title='bbox 888 1364 1069 1433; x_wconf 83' lang='lat' dir='ltr'>historiam</span> <span class='ocrx_word' id='word_1_65' title='bbox 1085 1367 1195 1435; x_wconf 87' lang='lat' dir='ltr'>fuisse</span> <span class='ocrx_word' id='word_1_66' title='bbox 1204 1371 1284 1451; x_wconf 92' lang='lat' dir='ltr'>Viti,</span> <span class='ocrx_word' id='word_1_67' title='bbox 1300 1373 1370 1438; x_wconf 78' lang='lat' dir='ltr'>Prae</span> 
     </span>
     <span class='ocr_line' id='line_1_10' title="bbox 174 1469 1370 1545; baseline 0.007 -11"><span class='ocrx_word' id='word_1_68' title='bbox 174 1469 255 1535; x_wconf 90' lang='lat' dir='ltr'>sidii</span> <span class='ocrx_word' id='word_1_69' title='bbox 273 1470 430 1537; x_wconf 85' lang='lat' dir='ltr'>Verorici</span> <span class='ocrx_word' id='word_1_70' title='bbox 446 1470 584 1537; x_wconf 90' lang='lat' dir='ltr'>comitis</span> <span class='ocrx_word' id='word_1_71' title='bbox 604 1472 636 1535; x_wconf 90' lang='lat' dir='ltr'>et</span> <span class='ocrx_word' id='word_1_72' title='bbox 656 1469 809 1536; x_wconf 84' lang='lat' dir='ltr'>fabulam</span> <span class='ocrx_word' id='word_1_73' title='bbox 833 1471 929 1538; x_wconf 93' lang='lat' dir='ltr'>illam</span> <span class='ocrx_word' id='word_1_74' title='bbox 949 1471 1040 1540; x_wconf 91' lang='lat' dir='ltr'>inter</span> <span class='ocrx_word' id='word_1_75' title='bbox 1059 1473 1224 1543; x_wconf 83' lang='lat' dir='ltr'>historias</span> <span class='ocrx_word' id='word_1_76' title='bbox 1242 1478 1370 1545; x_wconf 84' lang='lat' dir='ltr'>maxime</span> 
     </span>
     <span class='ocr_line' id='line_1_11' title="bbox 171 1576 1370 1662; baseline 0.006 -21"><span class='ocrx_word' id='word_1_77' title='bbox 171 1577 321 1662; x_wconf 86' lang='lat' dir='ltr'>tragicas</span> <span class='ocrx_word' id='word_1_78' title='bbox 348 1580 382 1643; x_wconf 92' lang='lat' dir='ltr'>et</span> <span class='ocrx_word' id='word_1_79' title='bbox 406 1576 538 1643; x_wconf 88' lang='lat' dir='ltr'>flebiles</span> <span class='ocrx_word' id='word_1_80' title='bbox 563 1577 816 1643; x_wconf 86' lang='lat' dir='ltr'>numerandam</span> <span class='ocrx_word' id='word_1_81' title='bbox 840 1596 915 1644; x_wconf 91' lang='lat' dir='ltr'>esse</span> <span class='ocrx_word' id='word_1_82' title='bbox 931 1576 968 1645; x_wconf 84' lang='lat'>¹?</span> <span class='ocrx_word' id='word_1_83' title='bbox 991 1581 1111 1647; x_wconf 85' lang='lat' dir='ltr'>Nonne</span> <span class='ocrx_word' id='word_1_84' title='bbox 1130 1583 1315 1651; x_wconf 90' lang='lat' dir='ltr'>verisimile</span> <span class='ocrx_word' id='word_1_85' title='bbox 1331 1586 1370 1650; x_wconf 90' lang='lat' dir='ltr'>est</span> 
     </span>
     <span class='ocr_line' id='line_1_12' title="bbox 171 1683 1369 1777; baseline 0.004 -27"><span class='ocrx_word' id='word_1_86' title='bbox 171 1684 293 1751; x_wconf 90' lang='lat' dir='ltr'>drama</span> <span class='ocrx_word' id='word_1_87' title='bbox 308 1702 327 1750; x_wconf 96' lang='lat' dir='ltr'>a</span> <span class='ocrx_word' id='word_1_88' title='bbox 343 1683 493 1769; x_wconf 91' lang='lat' dir='ltr'>quodam</span> <span class='ocrx_word' id='word_1_89' title='bbox 508 1683 674 1768; x_wconf 86' lang='lat' dir='ltr'>scriptore</span> <span class='ocrx_word' id='word_1_90' title='bbox 690 1701 731 1748; x_wconf 87' lang='lat' dir='ltr'>ex</span> <span class='ocrx_word' id='word_1_91' title='bbox 748 1684 804 1750; x_wconf 88' lang='lat' dir='ltr'>illa</span> <span class='ocrx_word' id='word_1_92' title='bbox 820 1683 937 1752; x_wconf 85' lang='lat' dir='ltr'>sabula</span> <span class='ocrx_word' id='word_1_93' title='bbox 951 1689 1194 1757; x_wconf 90' lang='lat' dir='ltr'>commenticia</span> <span class='ocrx_word' id='word_1_94' title='bbox 1214 1694 1369 1777; x_wconf 89' lang='lat' dir='ltr'>sumptum</span> 
     </span>
     <span class='ocr_line' id='line_1_13' title="bbox 171 1788 1369 1883; baseline 0.005 -28"><span class='ocrx_word' id='word_1_95' title='bbox 171 1789 279 1856; x_wconf 82' lang='lat' dir='ltr'>luisse</span> <span class='ocrx_word' id='word_1_96' title='bbox 304 1792 338 1856; x_wconf 93' lang='lat' dir='ltr'>et</span> <span class='ocrx_word' id='word_1_97' title='bbox 362 1788 497 1868; x_wconf 92' lang='lat' dir='ltr'>deinde,</span> <span class='ocrx_word' id='word_1_98' title='bbox 524 1791 690 1873; x_wconf 87' lang='lat' dir='ltr'>tanquam</span> <span class='ocrx_word' id='word_1_99' title='bbox 715 1790 824 1856; x_wconf 90' lang='lat' dir='ltr'>multa</span> <span class='ocrx_word' id='word_1_100' title='bbox 847 1790 1003 1860; x_wconf 86' lang='lat' dir='ltr'>dramata</span> <span class='ocrx_word' id='word_1_101' title='bbox 1027 1793 1155 1862; x_wconf 90' lang='lat' dir='ltr'>iisdem</span> <span class='ocrx_word' id='word_1_102' title='bbox 1179 1796 1369 1883; x_wconf 88' lang='lat' dir='ltr'>temporibus</span> 
     </span>
     <span class='ocr_line' id='line_1_14' title="bbox 171 1891 447 1982; baseline -0.007 -19"><span class='ocrx_word' id='word_1_103' title='bbox 171 1901 259 1975; x_wconf 89' lang='lat' dir='ltr'>acta,</span> <span class='ocrx_word' id='word_1_104' title='bbox 277 1891 447 1982; x_wconf 86' lang='lat' dir='ltr'>periisse?</span> 
     </span>
    </p>

    <p class='ocr_par' dir='ltr' id='par_1_4' title="bbox 168 2001 1389 4122">
     <span class='ocr_line' id='line_1_15' title="bbox 215 2001 1369 2096; baseline 0.004 -25"><span class='ocrx_word' id='word_1_105' title='bbox 215 2006 310 2071; x_wconf 84' lang='lat' dir='ltr'>Notae</span> <span class='ocrx_word' id='word_1_106' title='bbox 332 2001 530 2070; x_wconf 90' lang='lat' dir='ltr'>tabularum</span> <span class='ocrx_word' id='word_1_107' title='bbox 551 2003 862 2072; x_wconf 89' lang='lat' dir='ltr'>llenslovianarum</span> <span class='ocrx_word' id='word_1_108' title='bbox 883 2025 991 2091; x_wconf 95' lang='lat' dir='ltr'>quum</span> <span class='ocrx_word' id='word_1_109' title='bbox 1013 2008 1048 2075; x_wconf 94' lang='lat' dir='ltr'>in</span> <span class='ocrx_word' id='word_1_110' title='bbox 1069 2009 1309 2095; x_wconf 89' lang='lat' dir='ltr'>disquisitione</span> <span class='ocrx_word' id='word_1_111' title='bbox 1325 2028 1369 2096; x_wconf 81' lang='lat' dir='ltr'>po</span> 
     </span>
     <span class='ocr_line' id='line_1_16' title="bbox 171 2109 1370 2201; baseline 0.002 -22"><span class='ocrx_word' id='word_1_112' title='bbox 171 2116 315 2190; x_wconf 92' lang='lat' dir='ltr'>nuntur,</span> <span class='ocrx_word' id='word_1_113' title='bbox 334 2110 462 2177; x_wconf 88' lang='lat' dir='ltr'>habent</span> <span class='ocrx_word' id='word_1_114' title='bbox 477 2109 566 2176; x_wconf 90' lang='lat' dir='ltr'>hanc</span> <span class='ocrx_word' id='word_1_115' title='bbox 580 2110 652 2176; x_wconf 91' lang='lat' dir='ltr'>vim</span> <span class='ocrx_word' id='word_1_116' title='bbox 668 2114 705 2176; x_wconf 93' lang='lat' dir='ltr'>ut</span> <span class='ocrx_word' id='word_1_117' title='bbox 720 2110 881 2178; x_wconf 88' lang='lat' dir='ltr'>roborent</span> <span class='ocrx_word' id='word_1_118' title='bbox 895 2131 972 2180; x_wconf 89' lang='lat' dir='ltr'>eam</span> <span class='ocrx_word' id='word_1_119' title='bbox 991 2115 1202 2201; x_wconf 89' lang='lat' dir='ltr'>opinionem,</span> <span class='ocrx_word' id='word_1_120' title='bbox 1219 2121 1254 2185; x_wconf 91' lang='lat' dir='ltr'>at</span> <span class='ocrx_word' id='word_1_121' title='bbox 1267 2118 1370 2185; x_wconf 88' lang='lat' dir='ltr'>saltem</span> 
     </span>
     <span class='ocr_line' id='line_1_17' title="bbox 171 2216 1371 2311; baseline 0.001 -24"><span class='ocrx_word' id='word_1_122' title='bbox 171 2223 377 2308; x_wconf 88' lang='lat' dir='ltr'>argumenta</span> <span class='ocrx_word' id='word_1_123' title='bbox 398 2216 526 2305; x_wconf 91' lang='lat' dir='ltr'>quibus</span> <span class='ocrx_word' id='word_1_124' title='bbox 544 2216 698 2305; x_wconf 82' lang='lat' dir='ltr'>tragedia</span> <span class='ocrx_word' id='word_1_125' title='bbox 719 2219 832 2305; x_wconf 85' lang='lat' dir='ltr'>Guyes</span> <span class='ocrx_word' id='word_1_126' title='bbox 852 2219 1016 2307; x_wconf 90' lang='lat' dir='ltr'>inscripta</span> <span class='ocrx_word' id='word_1_127' title='bbox 1039 2222 1238 2311; x_wconf 82' lang='lat' dir='ltr'>sejungitur</span> <span class='ocrx_word' id='word_1_128' title='bbox 1255 2243 1273 2291; x_wconf 89' lang='lat' dir='ltr'>a</span> <span class='ocrx_word' id='word_1_129' title='bbox 1290 2223 1371 2291; x_wconf 80' lang='lat' dir='ltr'>Cede</span> 
     </span>
     <span class='ocr_line' id='line_1_18' title="bbox 172 2325 1371 2397; baseline -0.001 -2"><span class='ocrx_word' id='word_1_130' title='bbox 172 2327 358 2395; x_wconf 90' lang='lat' dir='ltr'>Parisiensi</span> <span class='ocrx_word' id='word_1_131' title='bbox 376 2331 410 2393; x_wconf 94' lang='lat' dir='ltr'>et</span> <span class='ocrx_word' id='word_1_132' title='bbox 431 2326 544 2394; x_wconf 82' lang='lat' dir='ltr'>sabula</span> <span class='ocrx_word' id='word_1_133' title='bbox 564 2326 670 2391; x_wconf 91' lang='lat' dir='ltr'>altera</span> <span class='ocrx_word' id='word_1_134' title='bbox 685 2344 760 2391; x_wconf 90' lang='lat' dir='ltr'>esse</span> <span class='ocrx_word' id='word_1_135' title='bbox 774 2325 982 2395; x_wconf 85' lang='lat' dir='ltr'>declaratur.</span> <span class='ocrx_word' id='word_1_136' title='bbox 1004 2329 1163 2397; x_wconf 91' lang='lat' dir='ltr'>Primum</span> <span class='ocrx_word' id='word_1_137' title='bbox 1178 2329 1215 2396; x_wconf 92' lang='lat' dir='ltr'>in</span> <span class='ocrx_word' id='word_1_138' title='bbox 1231 2330 1284 2396; x_wconf 91' lang='lat' dir='ltr'>his</span> <span class='ocrx_word' id='word_1_139' title='bbox 1296 2329 1371 2396; x_wconf 91' lang='lat' dir='ltr'>notis</span> 
     </span>
     <span class='ocr_line' id='line_1_19' title="bbox 171 2433 1372 2520; baseline -0.003 -16"><span class='ocrx_word' id='word_1_140' title='bbox 171 2435 466 2520; x_wconf 88' lang='lat' dir='ltr'>deprehendimus</span> <span class='ocrx_word' id='word_1_141' title='bbox 482 2433 647 2511; x_wconf 80' lang='lat' dir='ltr'>tabulam,</span> <span class='ocrx_word' id='word_1_142' title='bbox 669 2451 778 2516; x_wconf 94' lang='lat' dir='ltr'>quum</span> <span class='ocrx_word' id='word_1_143' title='bbox 798 2433 953 2518; x_wconf 92' lang='lat' dir='ltr'>primum</span> <span class='ocrx_word' id='word_1_144' title='bbox 972 2436 1051 2502; x_wconf 92' lang='lat' dir='ltr'>data</span> <span class='ocrx_word' id='word_1_145' title='bbox 1071 2436 1129 2515; x_wconf 90' lang='lat' dir='ltr'>sit,</span> <span class='ocrx_word' id='word_1_146' title='bbox 1146 2437 1318 2505; x_wconf 89' lang='lat' dir='ltr'>cecidisse.</span> <span class='ocrx_word' id='word_1_147' title='bbox 1334 2437 1372 2502; x_wconf 81' lang='lat' dir='ltr'>lli</span> 
     </span>
     <span class='ocr_line' id='line_1_20' title="bbox 172 2539 1373 2631; baseline -0.006 -18"><span class='ocrx_word' id='word_1_148' title='bbox 172 2547 236 2613; x_wconf 93' lang='lat' dir='ltr'>hoc</span> <span class='ocrx_word' id='word_1_149' title='bbox 259 2544 372 2631; x_wconf 92' lang='lat' dir='ltr'>primo</span> <span class='ocrx_word' id='word_1_150' title='bbox 397 2544 478 2610; x_wconf 94' lang='lat' dir='ltr'>ludo</span> <span class='ocrx_word' id='word_1_151' title='bbox 502 2539 709 2609; x_wconf 89' lang='lat' dir='ltr'>Henslovius</span> <span class='ocrx_word' id='word_1_152' title='bbox 729 2539 843 2606; x_wconf 92' lang='lat' dir='ltr'>solum</span> <span class='ocrx_word' id='word_1_153' title='bbox 866 2542 998 2627; x_wconf 89' lang='lat' dir='ltr'>accepit</span> <span class='ocrx_word' id='word_1_154' title='bbox 1021 2546 1153 2628; x_wconf 90' lang='lat' dir='ltr'>septem</span> <span class='ocrx_word' id='word_1_155' title='bbox 1173 2562 1216 2610; x_wconf 87' lang='lat' dir='ltr'>ex</span> <span class='ocrx_word' id='word_1_156' title='bbox 1235 2540 1373 2611; x_wconf 90' lang='lat' dir='ltr'>nummis</span> 
     </span>
     <span class='ocr_line' id='line_1_21' title="bbox 171 2645 1375 2738; baseline -0.007 -18"><span class='ocrx_word' id='word_1_157' title='bbox 171 2650 300 2738; x_wconf 91' lang='lat' dir='ltr'>quihus</span> <span class='ocrx_word' id='word_1_158' title='bbox 326 2648 499 2736; x_wconf 69' lang='lat' dir='ltr'>schelling</span> <span class='ocrx_word' id='word_1_159' title='bbox 524 2665 662 2727; x_wconf 90' lang='lat' dir='ltr'>nomen,</span> <span class='ocrx_word' id='word_1_160' title='bbox 689 2664 798 2732; x_wconf 93' lang='lat' dir='ltr'>quum</span> <span class='ocrx_word' id='word_1_161' title='bbox 826 2645 951 2714; x_wconf 86' lang='lat' dir='ltr'>fabulae</span> <span class='ocrx_word' id='word_1_162' title='bbox 979 2667 1056 2734; x_wconf 84' lang='lat' dir='ltr'>quae</span> <span class='ocrx_word' id='word_1_163' title='bbox 1084 2649 1121 2715; x_wconf 92' lang='lat' dir='ltr'>in</span> <span class='ocrx_word' id='word_1_164' title='bbox 1149 2651 1261 2738; x_wconf 88' lang='lat' dir='ltr'>gratia</span> <span class='ocrx_word' id='word_1_165' title='bbox 1291 2650 1375 2716; x_wconf 91' lang='lat' dir='ltr'>erant</span> 
     </span>
     <span class='ocr_line' id='line_1_22' title="bbox 171 2753 1375 2845; baseline -0.005 -19"><span class='ocrx_word' id='word_1_166' title='bbox 171 2757 263 2845; x_wconf 91' lang='lat' dir='ltr'>apud</span> <span class='ocrx_word' id='word_1_167' title='bbox 280 2757 415 2842; x_wconf 88' lang='lat' dir='ltr'>plebem</span> <span class='ocrx_word' id='word_1_168' title='bbox 431 2759 464 2822; x_wconf 92' lang='lat' dir='ltr'>et</span> <span class='ocrx_word' id='word_1_169' title='bbox 481 2755 672 2842; x_wconf 89' lang='lat' dir='ltr'>saepissime</span> <span class='ocrx_word' id='word_1_170' title='bbox 683 2753 756 2840; x_wconf 91' lang='lat' dir='ltr'>jam</span> <span class='ocrx_word' id='word_1_171' title='bbox 774 2756 859 2820; x_wconf 87' lang='lat' dir='ltr'>actae</span> <span class='ocrx_word' id='word_1_172' title='bbox 878 2753 1026 2835; x_wconf 87' lang='lat' dir='ltr'>fuerant,</span> <span class='ocrx_word' id='word_1_173' title='bbox 1049 2775 1172 2823; x_wconf 89' lang='lat' dir='ltr'>rursus</span> <span class='ocrx_word' id='word_1_174' title='bbox 1191 2757 1229 2823; x_wconf 92' lang='lat' dir='ltr'>in</span> <span class='ocrx_word' id='word_1_175' title='bbox 1251 2772 1375 2823; x_wconf 89' lang='lat' dir='ltr'>scenam</span> 
     </span>
     <span class='ocr_line' id='line_1_23' title="bbox 172 2860 1375 2949; baseline -0.006 -17"><span class='ocrx_word' id='word_1_176' title='bbox 172 2865 335 2942; x_wconf 86' lang='lat' dir='ltr'>inductae,</span> <span class='ocrx_word' id='word_1_177' title='bbox 373 2865 535 2949; x_wconf 92' lang='lat' dir='ltr'>questum</span> <span class='ocrx_word' id='word_1_178' title='bbox 573 2860 759 2947; x_wconf 88' lang='lat' dir='ltr'>quinquies</span> <span class='ocrx_word' id='word_1_179' title='bbox 796 2860 976 2948; x_wconf 85' lang='lat' dir='ltr'>sexiesque</span> <span class='ocrx_word' id='word_1_180' title='bbox 1013 2862 1182 2948; x_wconf 90' lang='lat' dir='ltr'>majorem</span> <span class='ocrx_word' id='word_1_181' title='bbox 1215 2863 1375 2930; x_wconf 80' lang='lat' dir='ltr'>afferrent.</span> 
     </span>
     <span class='ocr_line' id='line_1_24' title="bbox 172 2969 1379 3041; baseline -0.006 -1"><span class='ocrx_word' id='word_1_182' title='bbox 172 2972 380 3041; x_wconf 88' lang='lat' dir='ltr'>llenslovius</span> <span class='ocrx_word' id='word_1_183' title='bbox 404 2989 474 3038; x_wconf 93' lang='lat' dir='ltr'>non</span> <span class='ocrx_word' id='word_1_184' title='bbox 502 2970 627 3038; x_wconf 91' lang='lat' dir='ltr'>litteris</span> <span class='ocrx_word' id='word_1_185' title='bbox 650 2970 829 3037; x_wconf 91' lang='lat' dir='ltr'>mandavit</span> <span class='ocrx_word' id='word_1_186' title='bbox 847 2988 974 3037; x_wconf 93' lang='lat' dir='ltr'>nomen</span> <span class='ocrx_word' id='word_1_187' title='bbox 993 2969 1210 3037; x_wconf 90' lang='lat' dir='ltr'>scenicorum</span> <span class='ocrx_word' id='word_1_188' title='bbox 1231 2971 1379 3038; x_wconf 90' lang='lat' dir='ltr'>societate</span> 
     </span>
     <span class='ocr_line' id='line_1_25' title="bbox 171 3077 1379 3166; baseline -0.005 -19"><span class='ocrx_word' id='word_1_189' title='bbox 171 3079 434 3166; x_wconf 87' lang='lat' dir='ltr'>conjunctorum</span> <span class='ocrx_word' id='word_1_190' title='bbox 454 3077 581 3164; x_wconf 92' lang='lat' dir='ltr'>quibus</span> <span class='ocrx_word' id='word_1_191' title='bbox 596 3081 670 3145; x_wconf 91' lang='lat' dir='ltr'>acta</span> <span class='ocrx_word' id='word_1_192' title='bbox 687 3078 753 3145; x_wconf 86' lang='lat' dir='ltr'>fuit</span> <span class='ocrx_word' id='word_1_193' title='bbox 768 3077 896 3145; x_wconf 84' lang='lat' dir='ltr'>sabula.</span> <span class='ocrx_word' id='word_1_194' title='bbox 919 3079 1049 3145; x_wconf 92' lang='lat' dir='ltr'>Verum</span> <span class='ocrx_word' id='word_1_195' title='bbox 1071 3078 1211 3164; x_wconf 90' lang='lat' dir='ltr'>Paynus</span> <span class='ocrx_word' id='word_1_196' title='bbox 1225 3078 1379 3146; x_wconf 85' lang='lat' dir='ltr'>Collierus</span> 
     </span>
     <span class='ocr_line' id='line_1_26' title="bbox 171 3184 1378 3270; baseline -0.006 -16"><span class='ocrx_word' id='word_1_197' title='bbox 171 3187 348 3254; x_wconf 83' lang='lat' dir='ltr'>existimat</span> <span class='ocrx_word' id='word_1_198' title='bbox 373 3204 430 3253; x_wconf 89' lang='lat' dir='ltr'>eos</span> <span class='ocrx_word' id='word_1_199' title='bbox 454 3184 562 3251; x_wconf 87' lang='lat' dir='ltr'>luisse</span> <span class='ocrx_word' id='word_1_200' title='bbox 586 3184 740 3252; x_wconf 90' lang='lat' dir='ltr'>scenicos</span> <span class='ocrx_word' id='word_1_201' title='bbox 767 3210 782 3244; x_wconf 85' lang='lat'><strong>«</strong></span> <span class='ocrx_word' id='word_1_202' title='bbox 808 3184 897 3252; x_wconf 91' lang='lat' dir='ltr'>Lord</span> <span class='ocrx_word' id='word_1_203' title='bbox 920 3184 1067 3270; x_wconf 87' lang='lat' dir='ltr'>Strange</span> <span class='ocrx_word' id='word_1_204' title='bbox 1090 3202 1173 3251; x_wconf 92' lang='lat' dir='ltr'>men</span> <span class='ocrx_word' id='word_1_205' title='bbox 1198 3210 1214 3244; x_wconf 82' lang='lat'><strong>»</strong></span> <span class='ocrx_word' id='word_1_206' title='bbox 1240 3187 1378 3253; x_wconf 90' lang='lat' dir='ltr'>vocatos.</span> 
     </span>
     <span class='ocr_line' id='line_1_27' title="bbox 171 3288 1381 3376; baseline -0.004 -16"><span class='ocrx_word' id='word_1_207' title='bbox 171 3294 289 3360; x_wconf 91' lang='lat' dir='ltr'>Solum</span> <span class='ocrx_word' id='word_1_208' title='bbox 320 3293 355 3359; x_wconf 92' lang='lat' dir='ltr'>in</span> <span class='ocrx_word' id='word_1_209' title='bbox 389 3309 528 3359; x_wconf 90' lang='lat' dir='ltr'>scenam</span> <span class='ocrx_word' id='word_1_210' title='bbox 564 3292 705 3358; x_wconf 91' lang='lat' dir='ltr'>reducta</span> <span class='ocrx_word' id='word_1_211' title='bbox 743 3291 810 3358; x_wconf 85' lang='lat' dir='ltr'>luit</span> <span class='ocrx_word' id='word_1_212' title='bbox 845 3289 960 3357; x_wconf 86' lang='lat' dir='ltr'>fabula</span> <span class='ocrx_word' id='word_1_213' title='bbox 989 3294 1067 3376; x_wconf 88' lang='lat' dir='ltr'>post</span> <span class='ocrx_word' id='word_1_214' title='bbox 1093 3309 1153 3357; x_wconf 87' lang='lat' dir='ltr'>sex</span> <span class='ocrx_word' id='word_1_215' title='bbox 1181 3309 1330 3372; x_wconf 88' lang='lat' dir='ltr'>menses,</span> <span class='ocrx_word' id='word_1_216' title='bbox 1357 3288 1381 3356; x_wconf 91' lang='lat' dir='ltr'>si</span> 
     </span>
     <span class='ocr_line' id='line_1_28' title="bbox 171 3396 1380 3487; baseline -0.002 -21"><span class='ocrx_word' id='word_1_217' title='bbox 171 3399 363 3467; x_wconf 86' lang='lat' dir='ltr'>assumitur</span> <span class='ocrx_word' id='word_1_218' title='bbox 382 3398 457 3466; x_wconf 92' lang='lat' dir='ltr'>dies</span> <span class='ocrx_word' id='word_1_219' title='bbox 480 3397 572 3483; x_wconf 92' lang='lat' dir='ltr'>apud</span> <span class='ocrx_word' id='word_1_220' title='bbox 595 3396 730 3464; x_wconf 87' lang='lat' dir='ltr'>tabulas</span> <span class='ocrx_word' id='word_1_221' title='bbox 749 3397 949 3483; x_wconf 91' lang='lat' dir='ltr'>inscriptus,</span> <span class='ocrx_word' id='word_1_222' title='bbox 968 3399 1021 3465; x_wconf 87' lang='lat' dir='ltr'>vel</span> <span class='ocrx_word' id='word_1_223' title='bbox 1042 3401 1118 3484; x_wconf 91' lang='lat' dir='ltr'>post</span> <span class='ocrx_word' id='word_1_224' title='bbox 1132 3397 1380 3487; x_wconf 90' lang='lat' dir='ltr'>duodeviginti,</span> 
     </span>
     <span class='ocr_line' id='line_1_29' title="bbox 171 3503 1384 3575; baseline -0.004 0"><span class='ocrx_word' id='word_1_225' title='bbox 171 3508 200 3575; x_wconf 90' lang='lat' dir='ltr'>si</span> <span class='ocrx_word' id='word_1_226' title='bbox 225 3525 328 3575; x_wconf 87' lang='lat' dir='ltr'>verus</span> <span class='ocrx_word' id='word_1_227' title='bbox 360 3508 413 3572; x_wconf 90' lang='lat' dir='ltr'>est</span> <span class='ocrx_word' id='word_1_228' title='bbox 440 3504 514 3572; x_wconf 92' lang='lat' dir='ltr'>dies</span> <span class='ocrx_word' id='word_1_229' title='bbox 543 3503 650 3570; x_wconf 83' lang='lat' dir='ltr'>Fleiai</span> <span class='ocrx_word' id='word_1_230' title='bbox 683 3507 718 3570; x_wconf 92' lang='lat' dir='ltr'>et</span> <span class='ocrx_word' id='word_1_231' title='bbox 748 3503 884 3570; x_wconf 92' lang='lat' dir='ltr'>Bulleni</span> <span class='ocrx_word' id='word_1_232' title='bbox 912 3503 1153 3570; x_wconf 90' lang='lat' dir='ltr'>emendatione</span> <span class='ocrx_word' id='word_1_233' title='bbox 1181 3506 1384 3572; x_wconf 90' lang='lat' dir='ltr'>constitutus</span> 
     </span>
     <span class='ocr_line' id='line_1_30' title="bbox 170 3608 1389 3702; baseline -0.004 -21"><span class='ocrx_word' id='word_1_234' title='bbox 170 3618 203 3682; x_wconf 92' lang='lat' dir='ltr'>et</span> <span class='ocrx_word' id='word_1_235' title='bbox 220 3612 291 3702; x_wconf 90' lang='lat' dir='ltr'>(res</span> <span class='ocrx_word' id='word_1_236' title='bbox 306 3612 484 3679; x_wconf 87' lang='lat' dir='ltr'>memoriae</span> <span class='ocrx_word' id='word_1_237' title='bbox 499 3611 697 3679; x_wconf 91' lang='lat' dir='ltr'>mandanda</span> <span class='ocrx_word' id='word_1_238' title='bbox 716 3613 780 3699; x_wconf 82' lang='lat' dir='ltr'>est)</span> <span class='ocrx_word' id='word_1_239' title='bbox 797 3610 840 3678; x_wconf 93' lang='lat' dir='ltr'>ab</span> <span class='ocrx_word' id='word_1_240' title='bbox 855 3610 973 3678; x_wconf 91' lang='lat' dir='ltr'>alteris</span> <span class='ocrx_word' id='word_1_241' title='bbox 990 3609 1136 3677; x_wconf 90' lang='lat' dir='ltr'>scenicis</span> <span class='ocrx_word' id='word_1_242' title='bbox 1151 3609 1208 3677; x_wconf 94' lang='lat' dir='ltr'>cui</span> <span class='ocrx_word' id='word_1_243' title='bbox 1232 3637 1248 3671; x_wconf 88' lang='lat'><strong>«</strong></span> <span class='ocrx_word' id='word_1_244' title='bbox 1265 3611 1345 3678; x_wconf 89' lang='lat' dir='ltr'>Earl</span> <span class='ocrx_word' id='word_1_245' title='bbox 1357 3608 1389 3678; x_wconf 91' lang='lat' dir='ltr'>ol</span> 
     </span>
     <span class='ocr_line' id='line_1_31' title="bbox 170 3716 1387 3804; baseline -0.003 -17"><span class='ocrx_word' id='word_1_246' title='bbox 170 3722 297 3788; x_wconf 85' lang='lat' dir='ltr'>Sussex</span> <span class='ocrx_word' id='word_1_247' title='bbox 313 3737 393 3786; x_wconf 92' lang='lat' dir='ltr'>men</span> <span class='ocrx_word' id='word_1_248' title='bbox 411 3745 426 3779; x_wconf 87' lang='lat'><strong>»</strong></span> <span class='ocrx_word' id='word_1_249' title='bbox 444 3735 582 3785; x_wconf 92' lang='lat' dir='ltr'>nomen.</span> <span class='ocrx_word' id='word_1_250' title='bbox 605 3719 690 3785; x_wconf 91' lang='lat' dir='ltr'>Data</span> <span class='ocrx_word' id='word_1_251' title='bbox 709 3717 775 3785; x_wconf 86' lang='lat' dir='ltr'>fuit</span> <span class='ocrx_word' id='word_1_252' title='bbox 794 3735 884 3785; x_wconf 92' lang='lat' dir='ltr'>anno</span> <span class='ocrx_word' id='word_1_253' title='bbox 902 3717 1090 3784; x_wconf 93' lang='lat' dir='ltr'>millesimo</span> <span class='ocrx_word' id='word_1_254' title='bbox 1109 3716 1387 3804; x_wconf 90' lang='lat' dir='ltr'>quingentesimo</span> 
     </span>
     <span class='ocr_line' id='line_1_32' title="bbox 171 3822 1388 3915; baseline -0.005 -20"><span class='ocrx_word' id='word_1_255' title='bbox 171 3827 400 3915; x_wconf 88' lang='lat' dir='ltr'>nonagesimo</span> <span class='ocrx_word' id='word_1_256' title='bbox 428 3829 550 3912; x_wconf 90' lang='lat' dir='ltr'>quarto</span> <span class='ocrx_word' id='word_1_257' title='bbox 576 3822 702 3912; x_wconf 81' lang='grc'><strong>(1594),</strong></span> <span class='ocrx_word' id='word_1_258' title='bbox 728 3830 808 3892; x_wconf 84' lang='grc'><strong>1111</strong></span> <span class='ocrx_word' id='word_1_259' title='bbox 835 3825 929 3892; x_wconf 91' lang='lat' dir='ltr'>diem</span> <span class='ocrx_word' id='word_1_260' title='bbox 953 3823 1199 3890; x_wconf 90' lang='lat' dir='ltr'>duodecimum</span> <span class='ocrx_word' id='word_1_261' title='bbox 1225 3824 1388 3892; x_wconf 83' lang='lat' dir='ltr'>Calendas</span> 
     </span>
     <span class='ocr_line' id='line_1_33' title="bbox 169 3928 1387 4022; baseline -0.007 -20"><span class='ocrx_word' id='word_1_262' title='bbox 169 3934 340 4018; x_wconf 83' lang='lat' dir='ltr'>Quintiles</span> <span class='ocrx_word' id='word_1_263' title='bbox 356 3938 410 4021; x_wconf 87' lang='lat'>(19</span> <span class='ocrx_word' id='word_1_264' title='bbox 417 3933 520 4022; x_wconf 83' lang='lat' dir='ltr'>juin)</span> <span class='ocrx_word' id='word_1_265' title='bbox 533 3936 566 4000; x_wconf 92' lang='lat' dir='ltr'>et</span> <span class='ocrx_word' id='word_1_266' title='bbox 576 3935 747 4018; x_wconf 88' lang='lat' dir='ltr'>quaestum</span> <span class='ocrx_word' id='word_1_267' title='bbox 763 3932 874 3998; x_wconf 90' lang='lat' dir='ltr'>multo</span> <span class='ocrx_word' id='word_1_268' title='bbox 884 3928 1052 4016; x_wconf 88' lang='lat' dir='ltr'>majorem</span> <span class='ocrx_word' id='word_1_269' title='bbox 1063 3929 1251 3998; x_wconf 89' lang='lat' dir='ltr'>Henslovio</span> <span class='ocrx_word' id='word_1_270' title='bbox 1261 3931 1387 3998; x_wconf 90' lang='lat' dir='ltr'>attulit.</span> 
     </span>
     <span class='ocr_line' id='line_1_34' title="bbox 168 4036 1389 4122; baseline -0.004 -13"><span class='ocrx_word' id='word_1_271' title='bbox 168 4042 344 4109; x_wconf 88' lang='lat' dir='ltr'>Posterius</span> <span class='ocrx_word' id='word_1_272' title='bbox 372 4041 437 4108; x_wconf 90' lang='lat' dir='ltr'>hac</span> <span class='ocrx_word' id='word_1_273' title='bbox 460 4040 503 4107; x_wconf 93' lang='lat' dir='ltr'>de</span> <span class='ocrx_word' id='word_1_274' title='bbox 531 4039 648 4106; x_wconf 82' lang='lat' dir='ltr'>fabula</span> <span class='ocrx_word' id='word_1_275' title='bbox 676 4038 766 4104; x_wconf 93' lang='lat' dir='ltr'>nihil</span> <span class='ocrx_word' id='word_1_276' title='bbox 794 4042 846 4105; x_wconf 90' lang='lat' dir='ltr'>est</span> <span class='ocrx_word' id='word_1_277' title='bbox 875 4037 1061 4122; x_wconf 93' lang='lat' dir='ltr'>scriptum,</span> <span class='ocrx_word' id='word_1_278' title='bbox 1092 4036 1151 4102; x_wconf 90' lang='lat' dir='ltr'>sed</span> <span class='ocrx_word' id='word_1_279' title='bbox 1181 4037 1389 4106; x_wconf 88' lang='lat' dir='ltr'>Henslovius</span> 
     </span>
    </p>
   </div>
   <div class='ocr_carea' id='block_1_3' title="bbox 162 4244 1389 4873">
    <p class='ocr_par' dir='ltr' id='par_1_5' title="bbox 162 4244 1389 4873">
     <span class='ocr_line' id='line_1_35' title="bbox 199 4244 1389 4313; baseline -0.006 -9"><span class='ocrx_word' id='word_1_280' title='bbox 199 4255 208 4290; x_wconf 84' lang='lat'>¹</span> <span class='ocrx_word' id='word_1_281' title='bbox 226 4251 355 4304; x_wconf 89' lang='lat' dir='ltr'>Nonnulli</span> <span class='ocrx_word' id='word_1_282' title='bbox 370 4264 428 4303; x_wconf 89' lang='lat' dir='ltr'>rem</span> <span class='ocrx_word' id='word_1_283' title='bbox 444 4250 643 4312; x_wconf 86' lang='lat' dir='ltr'>tractaverunt,</span> <span class='ocrx_word' id='word_1_284' title='bbox 664 4248 737 4299; x_wconf 89' lang='lat' dir='ltr'>inter</span> <span class='ocrx_word' id='word_1_285' title='bbox 757 4261 825 4313; x_wconf 92' lang='lat' dir='ltr'>quos</span> <span class='ocrx_word' id='word_1_286' title='bbox 848 4247 958 4299; x_wconf 86' lang='lat' dir='ltr'>Samuel</span> <span class='ocrx_word' id='word_1_287' title='bbox 980 4244 1138 4297; x_wconf 85' lang='lat' dir='ltr'>Ronlandus</span> <span class='ocrx_word' id='word_1_288' title='bbox 1156 4244 1319 4312; x_wconf 86' lang='lat' dir='ltr'>(Rowland).</span> <span class='ocrx_word' id='word_1_289' title='bbox 1334 4245 1389 4298; x_wconf 83' lang='lat' dir='ltr'>The</span> 
     </span>
     <span class='ocr_line' id='line_1_36' title="bbox 162 4324 1389 4396; baseline -0.006 -12"><span class='ocrx_word' id='word_1_290' title='bbox 162 4335 275 4385; x_wconf 85' lang='lat' dir='ltr'>&#39;famous</span> <span class='ocrx_word' id='word_1_291' title='bbox 299 4332 408 4396; x_wconf 81' lang='lat' dir='ltr'>history</span> <span class='ocrx_word' id='word_1_292' title='bbox 428 4330 458 4381; x_wconf 97' lang='grc'>11</span> <span class='ocrx_word' id='word_1_293' title='bbox 479 4330 548 4394; x_wconf 87' lang='lat' dir='ltr'>Guy,</span> <span class='ocrx_word' id='word_1_294' title='bbox 573 4330 634 4381; x_wconf 88' lang='lat' dir='ltr'>Earl</span> <span class='ocrx_word' id='word_1_295' title='bbox 655 4329 684 4380; x_wconf 93' lang='grc'>11</span> <span class='ocrx_word' id='word_1_296' title='bbox 704 4328 854 4392; x_wconf 85' lang='lat' dir='ltr'>Warwick,</span> <span class='ocrx_word' id='word_1_297' title='bbox 878 4327 906 4377; x_wconf 92' lang='lat' dir='ltr'>in</span> <span class='ocrx_word' id='word_1_298' title='bbox 928 4327 1022 4387; x_wconf 89' lang='lat' dir='ltr'>Verse,</span> <span class='ocrx_word' id='word_1_299' title='bbox 1044 4325 1081 4389; x_wconf 92' lang='lat' dir='ltr'>by</span> <span class='ocrx_word' id='word_1_300' title='bbox 1102 4324 1212 4375; x_wconf 88' lang='lat' dir='ltr'>Samuel</span> <span class='ocrx_word' id='word_1_301' title='bbox 1235 4326 1389 4388; x_wconf 80' lang='lat' dir='ltr'>Rowlands,</span> 
     </span>
     <span class='ocr_line' id='line_1_37' title="bbox 166 4405 1387 4473; baseline -0.006 -10"><span class='ocrx_word' id='word_1_302' title='bbox 166 4413 287 4472; x_wconf 90' lang='lat' dir='ltr'>London‚</span> <span class='ocrx_word' id='word_1_303' title='bbox 301 4412 373 4472; x_wconf 83' lang='grc'><strong>1167,</strong></span> <span class='ocrx_word' id='word_1_304' title='bbox 386 4411 420 4461; x_wconf 63' lang='grc'>10.</span> <span class='ocrx_word' id='word_1_305' title='bbox 441 4411 464 4460; x_wconf 93' lang='grc'>11</span> <span class='ocrx_word' id='word_1_306' title='bbox 482 4423 537 4460; x_wconf 85' lang='lat' dir='ltr'>was</span> <span class='ocrx_word' id='word_1_307' title='bbox 552 4409 707 4473; x_wconf 82' lang='lat' dir='ltr'>frequently</span> <span class='ocrx_word' id='word_1_308' title='bbox 728 4408 867 4473; x_wconf 91' lang='lat' dir='ltr'>reprinted</span> <span class='ocrx_word' id='word_1_309' title='bbox 887 4407 967 4457; x_wconf 87' lang='lat' dir='ltr'>down</span> <span class='ocrx_word' id='word_1_310' title='bbox 984 4410 1012 4455; x_wconf 88' lang='grc'>11</span> <span class='ocrx_word' id='word_1_311' title='bbox 1028 4418 1058 4456; x_wconf 82' lang='lat' dir='ltr'>as</span> <span class='ocrx_word' id='word_1_312' title='bbox 1080 4405 1133 4456; x_wconf 88' lang='lat' dir='ltr'>late</span> <span class='ocrx_word' id='word_1_313' title='bbox 1154 4417 1172 4455; x_wconf 85' lang='lat' dir='ltr'>a</span> <span class='ocrx_word' id='word_1_314' title='bbox 1192 4405 1256 4456; x_wconf 88' lang='lat' dir='ltr'>date</span> <span class='ocrx_word' id='word_1_315' title='bbox 1274 4406 1387 4463; x_wconf 75' lang='lat' dir='ltr'>as1682.</span> 
     </span>
     <span class='ocr_line' id='line_1_38' title="bbox 166 4484 1389 4556; baseline -0.005 -13"><span class='ocrx_word' id='word_1_316' title='bbox 166 4492 257 4556; x_wconf 87' lang='lat' dir='ltr'>inquit</span> <span class='ocrx_word' id='word_1_317' title='bbox 270 4493 378 4556; x_wconf 88' lang='lat' dir='ltr'>Paynus</span> <span class='ocrx_word' id='word_1_318' title='bbox 393 4490 534 4550; x_wconf 87' lang='lat' dir='ltr'>Collierus,</span> <span class='ocrx_word' id='word_1_319' title='bbox 547 4490 601 4539; x_wconf 90' lang='lat' dir='ltr'>and</span> <span class='ocrx_word' id='word_1_320' title='bbox 617 4489 638 4538; x_wconf 90' lang='lat' dir='ltr'>it</span> <span class='ocrx_word' id='word_1_321' title='bbox 649 4502 702 4539; x_wconf 85' lang='lat' dir='ltr'>was</span> <span class='ocrx_word' id='word_1_322' title='bbox 714 4502 744 4539; x_wconf 95' lang='grc'>11</span> <span class='ocrx_word' id='word_1_323' title='bbox 765 4487 890 4553; x_wconf 90' lang='lat' dir='ltr'>popular,</span> <span class='ocrx_word' id='word_1_324' title='bbox 907 4487 961 4537; x_wconf 89' lang='lat' dir='ltr'>and</span> <span class='ocrx_word' id='word_1_325' title='bbox 974 4499 1004 4536; x_wconf 88' lang='lat' dir='ltr'>so</span> <span class='ocrx_word' id='word_1_326' title='bbox 1021 4497 1105 4548; x_wconf 85' lang='lat' dir='ltr'>many</span> <span class='ocrx_word' id='word_1_327' title='bbox 1120 4484 1212 4549; x_wconf 88' lang='lat' dir='ltr'>copies</span> <span class='ocrx_word' id='word_1_328' title='bbox 1232 4484 1263 4534; x_wconf 93' lang='grc'>11</span> <span class='ocrx_word' id='word_1_329' title='bbox 1280 4485 1304 4535; x_wconf 88' lang='grc'>11</span> <span class='ocrx_word' id='word_1_330' title='bbox 1321 4497 1389 4537; x_wconf 81' lang='lat' dir='ltr'>wera</span> 
     </span>
     <span class='ocr_line' id='line_1_39' title="bbox 166 4563 1388 4635; baseline -0.008 -12"><span class='ocrx_word' id='word_1_331' title='bbox 166 4571 311 4635; x_wconf 89' lang='lat' dir='ltr'>destroyed</span> <span class='ocrx_word' id='word_1_332' title='bbox 325 4572 362 4635; x_wconf 93' lang='lat' dir='ltr'>by</span> <span class='ocrx_word' id='word_1_333' title='bbox 378 4571 504 4634; x_wconf 83' lang='lat' dir='ltr'>frequent</span> <span class='ocrx_word' id='word_1_334' title='bbox 517 4569 641 4633; x_wconf 85' lang='lat' dir='ltr'>reading,</span> <span class='ocrx_word' id='word_1_335' title='bbox 660 4568 720 4618; x_wconf 87' lang='lat' dir='ltr'>that</span> <span class='ocrx_word' id='word_1_336' title='bbox 743 4568 779 4618; x_wconf 90' lang='lat' dir='ltr'>all</span> <span class='ocrx_word' id='word_1_337' title='bbox 796 4580 843 4618; x_wconf 86' lang='lat' dir='ltr'>are</span> <span class='ocrx_word' id='word_1_338' title='bbox 860 4567 889 4617; x_wconf 94' lang='grc'>11</span> <span class='ocrx_word' id='word_1_339' title='bbox 905 4579 966 4617; x_wconf 91' lang='lat' dir='ltr'>rare</span> <span class='ocrx_word' id='word_1_340' title='bbox 988 4576 1163 4616; x_wconf 89' lang='lat' dir='ltr'>occurrence.</span> <span class='ocrx_word' id='word_1_341' title='bbox 1186 4563 1216 4629; x_wconf 84' lang='grc' dir='ltr'>(Α</span> <span class='ocrx_word' id='word_1_342' title='bbox 1239 4564 1388 4630; x_wconf 82' lang='lat' dir='ltr'>Bibliogra·</span> 
     </span>
     <span class='ocr_line' id='line_1_40' title="bbox 166 4643 1387 4718; baseline -0.007 -16"><span class='ocrx_word' id='word_1_343' title='bbox 166 4651 258 4718; x_wconf 90' lang='lat' dir='ltr'>phical</span> <span class='ocrx_word' id='word_1_344' title='bbox 279 4651 333 4700; x_wconf 89' lang='lat' dir='ltr'>and</span> <span class='ocrx_word' id='word_1_345' title='bbox 353 4649 463 4701; x_wconf 88' lang='lat' dir='ltr'>Critical</span> <span class='ocrx_word' id='word_1_346' title='bbox 485 4651 609 4700; x_wconf 85' lang='lat' dir='ltr'>Account</span> <span class='ocrx_word' id='word_1_347' title='bbox 626 4648 656 4698; x_wconf 94' lang='grc'>11</span> <span class='ocrx_word' id='word_1_348' title='bbox 672 4647 718 4698; x_wconf 89' lang='lat' dir='ltr'>the</span> <span class='ocrx_word' id='word_1_349' title='bbox 740 4647 836 4698; x_wconf 87' lang='lat' dir='ltr'>Rarest</span> <span class='ocrx_word' id='word_1_350' title='bbox 855 4647 941 4697; x_wconf 89' lang='lat' dir='ltr'>Books</span> <span class='ocrx_word' id='word_1_351' title='bbox 966 4645 994 4695; x_wconf 94' lang='lat' dir='ltr'>in</span> <span class='ocrx_word' id='word_1_352' title='bbox 1013 4645 1060 4695; x_wconf 89' lang='lat' dir='ltr'>the</span> <span class='ocrx_word' id='word_1_353' title='bbox 1081 4643 1195 4708; x_wconf 87' lang='lat' dir='ltr'>English</span> <span class='ocrx_word' id='word_1_354' title='bbox 1213 4644 1387 4708; x_wconf 80' lang='lat' dir='ltr'>Language...</span> 
     </span>
     <span class='ocr_line' id='line_1_41' title="bbox 165 4723 1386 4793; baseline -0.006 -10"><span class='ocrx_word' id='word_1_355' title='bbox 165 4728 566 4793; x_wconf 58' lang='grc'>1111111111111111111111111111)1</span> <span class='ocrx_word' id='word_1_356' title='bbox 584 4741 673 4792; x_wconf 87' lang='lat' dir='ltr'>years,</span> <span class='ocrx_word' id='word_1_357' title='bbox 688 4728 758 4779; x_wconf 90' lang='lat' dir='ltr'>have</span> <span class='ocrx_word' id='word_1_358' title='bbox 773 4739 851 4778; x_wconf 91' lang='lat' dir='ltr'>come</span> <span class='ocrx_word' id='word_1_359' title='bbox 867 4728 955 4777; x_wconf 89' lang='lat' dir='ltr'>under</span> <span class='ocrx_word' id='word_1_360' title='bbox 968 4725 1014 4775; x_wconf 85' lang='lat' dir='ltr'>the</span> <span class='ocrx_word' id='word_1_361' title='bbox 1029 4723 1204 4776; x_wconf 87' lang='lat' dir='ltr'>observation</span> <span class='ocrx_word' id='word_1_362' title='bbox 1219 4723 1283 4776; x_wconf 82' lang='grc'><strong>111.</strong></span> <span class='ocrx_word' id='word_1_363' title='bbox 1296 4724 1386 4790; x_wconf 83' lang='lat' dir='ltr'>Payne</span> 
     </span>
     <span class='ocr_line' id='line_1_42' title="bbox 167 4804 1038 4873; baseline -0.009 -9"><span class='ocrx_word' id='word_1_364' title='bbox 167 4811 272 4865; x_wconf 88' lang='lat' dir='ltr'>Collier.</span> <span class='ocrx_word' id='word_1_365' title='bbox 288 4809 408 4872; x_wconf 90' lang='lat' dir='ltr'>London‚</span> <span class='ocrx_word' id='word_1_366' title='bbox 420 4808 448 4860; x_wconf 83' lang='lat' dir='ltr'>J.</span> <span class='ocrx_word' id='word_1_367' title='bbox 465 4808 542 4873; x_wconf 82' lang='lat' dir='ltr'>lilly,</span> <span class='ocrx_word' id='word_1_368' title='bbox 555 4806 624 4867; x_wconf 81' lang='grc'><strong>1865,</strong></span> <span class='ocrx_word' id='word_1_369' title='bbox 639 4806 720 4858; x_wconf 77' lang='grc'><strong>1111.</strong></span> <span class='ocrx_word' id='word_1_370' title='bbox 736 4806 809 4858; x_wconf 82' lang='lat' dir='ltr'>in·8⁰.</span> <span class='ocrx_word' id='word_1_371' title='bbox 824 4807 884 4860; x_wconf 89' lang='lat' dir='ltr'>Vol.</span> <span class='ocrx_word' id='word_1_372' title='bbox 897 4807 929 4869; x_wconf 90' lang='grc' dir='ltr'>ΙΙ,</span> <span class='ocrx_word' id='word_1_373' title='bbox 943 4820 970 4872; x_wconf 92' lang='lat' dir='ltr'>p.</span> <span class='ocrx_word' id='word_1_374' title='bbox 980 4804 1038 4856; x_wconf 75' lang='lat'>298.</span> 
     </span>
    </p>
   </div>
   <div class='ocr_carea' id='block_1_4' title="bbox 0 0 1564 5474">
    <p class='ocr_par' dir='ltr' id='par_1_6' title="bbox 0 0 1564 5474">
     <span class='ocr_line' id='line_1_43' title="bbox 0 0 1564 5474; baseline 0 0"><span class='ocrx_word' id='word_1_375' title='bbox 0 0 1564 5474; x_wconf 95' lang='lat' dir='ltr'> </span> 
     </span>
    </p>
   </div>
  </div>
 </body>
</html>
