3120 5474
692 81 868 144 -143-

164 254 347 322 heroicus.
364 254 549 338 Nunquam
563 249 721 320 versibus
736 270 805 319 non
820 250 983 318 similiter
996 248 1233 318 desinentibus
1250 268 1306 317 res
1320 251 1390 318 tam

168 361 356 448 splendida
381 362 475 427 tanta
499 378 578 426 cum
601 358 897 446 magniloquentia
922 359 1084 425 mandata
1110 357 1233 424 suerat.
1261 357 1325 425 Sed
1350 358 1392 424 de

168 469 305 536 talibus
324 467 409 534 locis
420 466 499 551 jure
514 484 554 533 ae
566 466 690 532 merito
710 465 908 532 dictumest
926 465 1057 550 aliquid
1075 465 1111 530 in
1136 465 1190 530 his
1214 464 1341 531 clarius
1360 465 1393 530 et

171 574 356 642 sonantius
381 573 511 651 inesse,
537 591 641 658 quam
666 575 704 638 ut
727 573 849 637 molles
872 589 973 638 aures
997 571 1246 655 permulceant,
1264 571 1394 657 hosque
1507 650 1513 660 ἱ

171 683 355 750 assiduum
375 680 578 747 bellicarum
594 679 755 746 tubarum
772 678 924 745 sonitum
940 677 1067 744 reterre
1081 682 1104 743 ¹.

214 792 381 856 Attamen
406 785 670 874 sigismundus,
696 785 920 852 Germanicus
941 785 1144 869 imperator,
1168 803 1286 869 pacem
1314 804 1393 852 eum

169 895 293 963 Turcis
308 897 443 981 pactam
467 892 638 960 disturbat
657 910 766 978 quum
787 893 883 959 audit
902 910 959 958 eos
980 909 1061 958 cum
1075 891 1269 958 Tamerlani
1286 892 1394 977 copiis

172 1018 421 1090 congressuros
436 1018 523 1066 esse.
546 1000 666 1066 Turcae
685 1003 801 1065 autem
825 1018 844 1065 e
868 999 982 1064 medio
1002 998 1125 1065 itinere
1149 999 1395 1086 regrediuntur

171 1110 215 1177 ad
250 1107 478 1176 Christianos.
513 1107 581 1172 Eos
614 1105 815 1192 profligant,
850 1108 884 1171 et
916 1105 1181 1191 Sigismundus,
1216 1103 1394 1170 mortifero

172 1216 319 1283 vulnere
335 1215 436 1291 ictus
452 1214 490 1279 in
513 1230 650 1279 scenam
675 1213 790 1298 prodit
808 1215 842 1278 et
866 1211 1020 1278 animam
1040 1211 1144 1278 etssat.
1168 1213 1297 1279 Eventa
1320 1212 1391 1290 illa,

172 1323 336 1409 quamvis
355 1320 473 1406 paucis
488 1319 603 1385 verbis
618 1323 756 1385 narrata
776 1318 857 1398 sint,
877 1336 946 1386 non
967 1322 1102 1385 tantum
1124 1322 1291 1405 quantum
1310 1319 1393 1384 satis

171 1433 224 1497 est
240 1447 323 1496 cum
337 1427 462 1494 fabulae
477 1426 580 1493 rebus
599 1425 869 1512 conjunguntur,
894 1428 928 1491 et
947 1425 1067 1492 multis
1089 1426 1131 1492 de
1155 1426 1268 1492 causis
1292 1426 1393 1491 omit-

171 1536 276 1603 tenda
293 1538 405 1601 erant.
426 1535 519 1600 Inter
534 1532 619 1600 vitia
633 1551 711 1619 quae
732 1531 775 1598 ad
795 1530 920 1598 fabulae
943 1531 1050 1598 nodos
1070 1534 1235 1617 spectant,
1261 1533 1393 1619 gravis-

171 1643 305 1709 simum
320 1645 384 1707 est.
403 1640 510 1707 Scena
526 1642 642 1705 autem
657 1643 840 1723 pensatum
857 1641 909 1704 est
923 1639 1100 1724 praeclara,
1117 1657 1183 1723 qua
1200 1639 1274 1705 sine
1289 1639 1394 1706 dubio

171 1751 368 1834 spectantes
383 1746 419 1812 in
434 1745 641 1812 oblivionem
657 1744 752 1811 iilius
768 1745 896 1811 erroris
910 1762 991 1809 mox
1006 1744 1276 1811 adducebantur.
1293 1747 1396 1811 Zeno-

170 1858 296 1935 crateS,
315 1852 494 1939 repentino
510 1852 677 1937 implicita
694 1852 826 1931 morbo,
844 1854 1037 1917 extremum
1055 1851 1214 1936 spiritum
1228 1848 1346 1930 trahit,
1363 1855 1396 1918 et

170 1961 411 2038 TamerlanuS,
428 1960 522 2026 luctu
538 1957 668 2036 furens,
688 1959 747 2024 sed
763 1958 797 2024 vi
813 1963 846 2023 et
865 1959 1069 2024 necessitate
1094 1961 1244 2038 coactus,
1270 1957 1397 2024 fatetur

170 2069 312 2135 tandem
329 2066 516 2152 potentiam
540 2083 652 2143 suam,
679 2064 839 2150 quamvis
862 2064 1083 2142 immensam,
1111 2065 1254 2130 modum
1279 2068 1394 2131 tamen

171 2178 207 2241 et
235 2165 404 2240 terminos
433 2172 569 2239 habere.
600 2171 805 2249 tranabat,
836 2170 935 2255 quus
959 2171 1046 2236 iram
1072 2171 1272 2253 concitavit,
1302 2189 1395 2238 nunc

172 2282 357 2368 premitur.
375 2282 422 2345 Ea
442 2297 546 2362 quam
566 2277 699 2363 perdite
719 2280 823 2356 amat,
845 2276 1003 2364 conjugis
1027 2277 1220 2362 culparum,
1247 2297 1394 2362 quarum

173 2390 251 2474 ipsa
268 2387 333 2454 suit
353 2386 537 2471 particeps,
554 2403 673 2469 poenas
688 2384 766 2451 luit.
787 2383 1022 2462 Tamerlanus‚
1046 2384 1162 2451 dolore
1187 2403 1249 2451 suo
1272 2385 1392 2464 effuso,

173 2495 217 2562 ad
248 2494 432 2561 eonsilium
458 2492 609 2561 medicos
637 2495 747 2558 vocat.
773 2492 974 2557 Zenocrates
1000 2495 1128 2573 autem,
1155 2512 1233 2578 quae
1256 2491 1330 2578 jam
1359 2511 1395 2559 se

174 2601 281 2669 morti
296 2599 491 2686 proximam
508 2598 623 2679 sentit,
640 2598 785 2665 infracta
806 2616 888 2665 voce
903 2617 1054 2666 errorem
1068 2597 1208 2687 conjugi
1226 2600 1339 2685 eripit.

260 2765 340 2827 Zen.
358 2766 371 2825 I
388 2761 464 2835 fare,
482 2783 535 2843 my
550 2762 630 2835 lord,
647 2782 683 2824 as
698 2763 790 2825 other
804 2782 996 2844 emprasseS‚

258 2863 352 2935 That,
365 2863 461 2923 when
476 2861 540 2922 this
554 2859 625 2923 frail
640 2860 702 2922 and
717 2862 891 2941 transitory
905 2862 985 2922 flesh

256 2962 342 3022 Hath
357 2959 479 3021 sueked
493 2960 545 3020 the
560 2978 708 3021 measure
723 2957 759 3020 of
769 2959 836 3020 that
849 2959 924 3020 vital
940 2958 1006 3020 air*

261 3059 343 3120 That
358 3055 444 3119 seeds
456 3058 509 3120 the
523 3057 605 3137 body
618 3057 696 3119 with
710 3057 762 3118 his
777 3057 868 3120 dated
881 3058 999 3136 health,

258 3155 363 3218 Wade
384 3155 463 3216 with
478 3154 626 3217 ensurced
641 3154 704 3217 and
719 3175 891 3235 necessary
908 3155 1039 3233 change.

262 3254 373 3316 Temb.
391 3255 468 3333 May
484 3273 582 3316 never
596 3255 677 3316 such
692 3273 711 3315 a
725 3253 845 3332 change
860 3252 1032 3316 transsorm
1045 3272 1098 3332 my
1112 3250 1195 3327 love,

259 3354 296 3413 In
311 3353 423 3414 whose
438 3360 537 3414 sweet
551 3351 672 3429 heingi
689 3371 802 3432 reposo
818 3372 871 3432 my
887 3351 949 3426 lise,

171 3471 188 3520 ¹,
257 3452 384 3512 Whose
399 3451 556 3529 heavenly
572 3468 735 3530 presence,
752 3449 918 3512 beautified
932 3450 1009 3512 with
1024 3449 1142 3523 health,

258 3548 356 3610 Gives
372 3548 450 3625 light
465 3555 496 3609 to
513 3535 650 3609 Phoebus
667 3547 728 3609 and
744 3548 796 3610 the
811 3547 894 3610 fixed
912 3550 1015 3610 starst

257 3646 383 3708 Whose
398 3645 534 3707 absence
551 3645 662 3707 makes
676 3645 728 3707 the
744 3665 806 3708 sun
821 3647 883 3708 and
898 3666 994 3709 moon
1008 3666 1044 3709 as
1058 3646 1138 3708 dark

257 3744 305 3806 As
320 3744 428 3817 when,
444 3742 583 3826 opposed
599 3744 633 3804 in
649 3762 710 3805 one
724 3742 888 3818 diameter,

258 3840 356 3902 Their
371 3840 505 3922 spheres
520 3860 576 3902 are
589 3840 739 3902 mounted
754 3859 796 3902 on
812 3842 865 3904 the
880 3841 1035 3922 serpent’s
1050 3841 1142 3918 head,

259 3938 306 3999 Or
321 3940 387 4000 else
404 3937 580 4000 descended
596 3949 626 4001 to
642 3939 693 4000 his
708 3939 850 4017 winding
864 3940 959 4001 train.

259 4036 338 4098 Live
355 4035 430 4114 still,
448 4055 501 4116 my
517 4038 597 4109 love,
615 4036 678 4098 and
690 4056 726 4098 so
742 4056 898 4099 conserve
913 4059 965 4117 my
981 4036 1045 4117 lise,

259 4135 317 4206 Or,
334 4132 444 4212 dying,
460 4133 498 4196 be
512 4135 565 4197 the
580 4135 745 4198 authores
755 4157 809 4217 my
824 4138 917 4199 death
932 4141 937 4198 t

261 4233 342 4294 Zea.
359 4230 437 4294 Lice
454 4230 528 4306 still,
544 4251 598 4312 my
613 4233 681 4296 lord
696 4236 703 4296 t
721 4235 759 4315 0,
777 4237 819 4299 let
832 4255 886 4316 my
901 4235 1067 4314 sovereign
1083 4233 1163 4298 livet

215 4452 224 4492 ¹
240 4448 413 4516 Aboriense,
425 4449 476 4505 loc.
491 4448 537 4504 ott.
549 4463 576 4521 p.
588 4449 644 4506 sm.
