3120 5474
174 95 243 164 bus
275 97 337 163 aut
370 93 475 162 rebus
507 91 598 159 notis
627 95 661 160 et
689 111 708 159 e
739 92 926 160 virtutibus
963 91 1127 180 vitiisque
1161 97 1330 164 sermonis
1363 99 1396 165 et

176 221 313 272 versus,
1157 221 1159 225 ·

220 309 326 378 Omni
341 310 495 396 tempore
506 309 643 396 judices
659 306 711 375 usi
727 309 808 375 suut
822 307 877 374 bis
892 307 1025 376 artibus
1040 328 1118 396 quae
1128 314 1214 379 sunt
1225 311 1262 380 in
1272 314 1395 380 natura

176 436 309 496 rerum,
343 419 378 484 et
408 435 444 483 se
475 416 671 496 intendunt,
703 417 741 482 ut
761 415 808 482 ita
836 415 962 494 dicam,
993 416 1125 485 criticis
1153 419 1335 507 sagacibus
1363 423 1396 488 et

177 543 307 613 magna
331 523 514 610 prudentia
538 523 704 611 praeditis.
729 523 792 590 His
816 526 932 590 autem
955 525 1134 610 praeceptis
1154 529 1304 594 nectam
1324 527 1394 595 dis·

176 633 284 700 tincte
299 634 450 699 nectam
465 633 623 699 accurate
641 648 744 716 quam
760 630 860 716 liqui
876 649 986 716 nuper
1008 631 1062 697 his
1082 631 1215 699 artibus
1239 632 1397 702 laverunt

176 739 318 807 obnoxii
347 741 455 817 erant,
488 756 598 824 neque
627 738 714 804 tanti
743 738 909 813 momenti
935 741 967 804 et
993 737 1155 824 ponderis
1178 740 1397 809 aestimabant

176 866 288 915 unum
304 865 347 914 ex
362 845 502 913 indiciis
517 844 587 911 illis
602 845 692 930 quod
708 863 727 910 a
743 844 953 912 Britannicis
963 847 1135 914 Metrtcul
1148 849 1226 914 Test
1235 851 1395 917 vocatum

174 954 253 1022 suit.
272 953 508 1038 Perquirendo
530 950 701 1038 quomodo
722 952 979 1038 Sbakespearus
999 971 1120 1020 versus
1139 971 1208 1021 non
1233 955 1396 1023 similiter

173 1064 406 1130 consonantes
431 1059 607 1137 struxerit,
639 1060 764 1126 litteris
792 1058 918 1126 eruditi
947 1063 1189 1145 compererunt
1218 1061 1296 1129 illos
1324 1081 1392 1130 non

173 1170 297 1238 eodem
317 1168 420 1235 modo
437 1167 529 1253 apud
548 1185 668 1235 omnes
688 1165 762 1252 ejus
782 1165 916 1234 fabulas
936 1170 1111 1235 contextos
1133 1167 1239 1235 luisse
1261 1173 1293 1236 et
1313 1187 1393 1237 eum

116 1284 121 1291 '
171 1295 276 1344 suam
292 1274 460 1343 rationem
477 1274 704 1360 componendi
721 1274 783 1341 bos
798 1292 920 1342 versus
934 1274 982 1341 ita
1002 1275 1039 1340 in
1056 1275 1184 1343 melius
1204 1277 1393 1360 mutavisse

170 1390 212 1453 ut
231 1385 269 1452 in
288 1384 355 1451 bac
378 1382 510 1450 ratione
533 1385 695 1468 appareat
718 1400 899 1468 processus
932 1383 1118 1451 continuus
1141 1384 1176 1450 et
1198 1383 1390 1451 ordinatus.

170 1492 287 1580 Hujus
302 1491 431 1559 auxilio
446 1489 671 1557 obtinuerunt
685 1493 724 1556 ut
734 1488 868 1556 fabulas
883 1489 957 1576 ejus
967 1491 1214 1558 distribuerent
1229 1490 1265 1557 in
1275 1492 1392 1577 plures

168 1601 291 1686 partes
324 1597 446 1684 spatiis
475 1596 586 1663 aetatis
615 1614 686 1662 suae
718 1597 809 1662 certe
841 1594 993 1662 definitis
1022 1599 1279 1682 respondentes.
1310 1600 1392 1666 Haec

168 1708 310 1775 interna
327 1705 456 1775 indicia
472 1702 623 1771 externis
643 1703 892 1772 confirmantur
911 1705 945 1770 et
964 1703 1000 1770 in
1023 1704 1170 1772 dubium
1191 1705 1306 1773 vocari
1322 1724 1390 1775 non

169 1814 332 1900 possunt.

215 2001 230 2033 a
247 1980 292 2040 Le
308 1983 442 2058 progres
457 1976 496 2038 de
511 1977 541 2038 la
553 1977 670 2057 langue
683 1975 829 2058 poetique
841 1975 921 2038 dans
936 1975 1166 2058 Sbakespeare,
1178 1976 1282 2058 inquit
1295 1979 1312 2040 J
1315 1996 1389 2041 aco·
1424 2025 1426 2030 -

166 2077 232 2140 bus
248 2079 459 2139 Darmstetter
471 2074 493 2149 ¹,
510 2076 649 2139 consiste
663 2080 684 2137 a
699 2073 909 2138 transformer
922 2094 958 2137 ce
973 2095 1046 2138 vers
1059 2077 1101 2155 (le
1117 2095 1190 2138 vers
1204 2074 1321 2157 blanc),
1333 2077 1388 2159 qui

166 2183 222 2240 est
245 2194 362 2238 encore
383 2175 413 2236 le
436 2193 510 2237 vers
534 2175 680 2254 musical,
706 2193 747 2236 en
771 2193 844 2236 vers
868 2173 1069 2237 absolument
1091 2174 1299 2256 dramatique.
1320 2176 1346 2237 ll
1368 2198 1389 2256 y

165 2274 303 2338 arrive:
328 2273 361 2333 l⁰
377 2293 417 2336 en
439 2271 570 2337 tondant
588 2274 618 2335 le
638 2292 711 2336 vers
731 2292 790 2355 par
807 2272 1080 2353 l'enjambement3
1098 2271 1131 2333 2⁰
1146 2293 1186 2334 en
1207 2274 1235 2335 le
1256 2275 1389 2356 prolon-

163 2385 268 2457 geant
286 2392 346 2455 par
365 2393 427 2435 une
448 2373 567 2455 syllaba
588 2393 654 2436 non
674 2377 854 2452 accentuee,
872 2407 910 2416 -
924 2371 1037 2434 double
1056 2370 1194 2435 reforme
1213 2373 1268 2453 qui
1282 2371 1388 2435 donne

162 2479 187 2536 a
211 2492 248 2535 sa
267 2473 385 2553 langue
410 2473 556 2555 poetique
576 2482 661 2535 toute
685 2474 717 2534 la
740 2472 860 2535 variete
883 2471 921 2533 de
945 2473 976 2533 la
998 2471 1107 2552 parole
1126 2472 1265 2533 vivente.
1287 2473 1334 2534 De
1357 2473 1388 2535 la

165 2569 323 2653 symetrie
339 2571 512 2634 artificielle
535 2571 573 2633 de
596 2570 733 2634 l’ancien
754 2570 879 2651 rythmo
885 2619 894 2649 ,
910 2569 933 2630 il
953 2589 993 2631 ne
1008 2579 1091 2632 reste
1106 2569 1223 2651 qu’une
1238 2569 1387 2633 habitudo

164 2669 370 2734 d’barmonie
394 2671 448 2752 qui
472 2671 525 2733 n’a
547 2671 619 2752 plus
644 2670 682 2732 de
706 2669 850 2733 sacrifice
868 2672 886 2730 a
906 2668 1084 2752 imposera
1104 2670 1134 2731 la
1151 2667 1252 2732 verite
1270 2679 1302 2731 et
1318 2673 1338 2731 a
1356 2670 1388 2732 la

165 2779 296 2834 nature.

211 2906 245 2966 10
260 2904 513 2987 Enjambement.
531 2937 566 2948 -
584 2906 674 2966 Dans
688 2905 735 2966 les
749 2904 924 2985 premieres
939 2903 1044 2986 pieces
1056 2902 1094 2966 de
1109 2902 1340 2984 Shakespeare,
1356 2903 1387 2966 le

166 3008 297 3088 rythmo
325 3006 491 3068 dominant
522 3013 553 3067 et
580 3024 716 3087 presque
749 3003 887 3067 exclusit
907 3011 955 3066 est
977 3002 1060 3066 celui
1083 3002 1124 3064 du
1149 3020 1222 3063 vers
1244 3004 1265 3062 at
1287 3019 1386 3083 pause

165 3107 267 3168 finale
291 3104 474 3186 (end-atopt
494 3103 575 3167 lineo
597 3122 638 3166 ou
663 3103 838 3186 end-pause
863 3100 960 3182 lines)
985 3109 1016 3165 et
1033 3102 1062 3164 le
1085 3099 1218 3163 nombre
1238 3099 1293 3163 des
1311 3119 1385 3162 vers

166 3205 225 3286 qui
239 3202 421 3286 enjambent
443 3205 583 3278 (run-oa
602 3204 682 3266 linea
703 3221 744 3266 ou
765 3206 896 3282 unetopt
918 3199 1009 3280 linea)
1029 3208 1078 3262 est
1095 3198 1277 3262 infiniment
1295 3199 1383 3281 petit.

168 3304 258 3367 Cette
273 3302 458 3384 proportion
474 3321 514 3364 va
528 3321 606 3364 sans
625 3321 715 3364 cesse
730 3321 771 3363 en
789 3300 971 3362 diminuant
984 3318 1025 3361 au
1042 3299 1136 3380 profit
1149 3298 1186 3360 de
1201 3296 1385 3378 l’eujambe-

169 3410 278 3466 ment:
297 3400 377 3463 dans
392 3402 438 3463 les
453 3401 629 3483 premieres
644 3401 760 3482 pieces,
776 3400 799 3461 il
821 3399 874 3479 n’y
899 3418 918 3460 a
941 3398 1040 3480 qu’un
1056 3396 1290 3479 enjambement
1304 3414 1385 3477 pour

168 3502 224 3564 dix
246 3519 320 3563 vers
345 3500 501 3581 reguliers
524 3498 616 3580 (dans
635 3499 746 3562 Loue’o
767 3498 916 3560 Labours
935 3498 1026 3570 Luat,
1053 3516 1097 3557 un
1120 3515 1201 3577 pour
1220 3491 1381 3574 dix-huit);

169 3601 251 3664 dans
266 3601 313 3662 les
329 3598 506 3678 dernieres,
520 3599 542 3661 il
554 3621 575 3678 y
589 3617 629 3660 en
645 3617 664 3660 a
678 3617 718 3660 en
734 3615 893 3678 moyenne
907 3615 951 3657 un
967 3614 1024 3656 sur
1038 3594 1154 3656 trois...
1171 3591 1182 3626 ²

208 3839 217 3874 ι
230 3829 320 3882 Essais
336 3828 369 3880 de
381 3827 545 3880 Litterature
557 3827 686 3893 anglaise.
702 3826 788 3889 Paris,
801 3826 849 3878 Cb.
865 3825 1021 3890 belegrave,
1034 3823 1104 3886 1883,
1117 3823 1196 3887 indtl,
1209 3837 1235 3889 p.
1251 3821 1331 3874 ΜΞ.

202 3911 326 3962 ¹Plures
348 3909 450 3974 gradus
471 3908 666 3960 discernuntur
686 3907 715 3958 in
739 3907 972 3971 conglutinatione
994 3905 1141 3957 verborum
1163 3903 1263 3968 quibus
1283 3900 1384 3953 desinit

169 4005 267 4044 versus
287 4004 350 4041 cum
374 3988 466 4040 verbis
481 3989 581 4054 quibus
594 4002 691 4041 versus
712 4001 829 4052 sequens
849 3986 947 4052 incipit
962 3985 1194 4052 (enjambement),
1214 3987 1241 4034 et
1261 3981 1383 4048 proticis-

164 4066 272 4125 'cuntur
290 4083 322 4121 ex
339 4083 370 4123 eo
386 4070 459 4132 quod
478 4070 630 4137 posteriora
643 4069 727 4122 verba
744 4068 840 4134 plusve
854 4067 980 4119 minusve
994 4065 1185 4118 desiderantur
1195 4063 1231 4114 ad
1242 4061 1381 4114 notionem

168 4151 308 4219 prioribus
325 4150 477 4216 subjectam
497 4149 697 4215 complendam,
716 4151 744 4199 et
763 4147 818 4199 alia
836 4148 939 4214 plusve
950 4146 1075 4197 minusve
1094 4142 1299 4208 conjunguntur
1317 4154 1380 4194 cum

167 4232 230 4285 aliis
244 4243 331 4294 quum
343 4233 458 4294 utraque
469 4231 655 4282 enuntientur.

198 4311 291 4374 Quum
305 4322 399 4362 versus
414 4323 446 4362 eo
463 4311 543 4362 modo
562 4310 672 4370 cadunt,
688 4323 784 4362 eorum
798 4308 886 4361 exitus
901 4307 969 4361 levis
990 4317 1048 4358 esse
1065 4303 1167 4357 dicitur
1180 4301 1380 4370 (terminabant
