3120 5474
599 353 776 419 -laa-
851 384 858 397 ·

120 524 238 593 Primo
273 523 398 593 fabulae
433 527 511 592 actu
548 525 731 610 exponitur
766 531 941 597 certamen
968 532 1119 602 Eduardi
1147 537 1288 604 secundi

74 650 154 700 cum
168 630 377 700 britannicis
391 630 614 717 optimatibus
629 634 688 719 qui
699 635 901 704 Gavestonis
911 637 1097 725 imperium
1108 646 1286 728 respuunt.

71 741 210 810 Acriter
228 744 262 808 et
277 739 437 807 distincte
453 741 638 808 Marlovius
653 747 899 830 argumentum
922 746 1116 831 explicavit.
1133 746 1289 817 Ostendit

73 848 200 915 eximie
214 867 294 933 quac
306 848 376 914 sint
392 849 426 913 et
439 846 573 932 puerile
587 849 798 917 desiderium
818 852 973 920 Eduardi
992 854 1148 938 secundi,
1164 875 1285 942 quum,

74 955 180 1040 patris
197 955 251 1021 sui
268 956 377 1021 morte
392 952 429 1019 in
444 972 591 1041 regnum
606 958 822 1042 perveniens
841 957 1055 1039 Gavestonis,
1076 962 1155 1028 aula
1173 960 1285 1049 ejecti,

71 1061 223 1130 reditum
240 1064 394 1147 expectat
404 1081 413 1140 3
429 1058 503 1146 ejus
523 1062 641 1129 laetitia
658 1064 816 1131 exultans
834 1067 866 1131 et
882 1064 1082 1142 deridenda.
1099 1068 1287 1136 Gavestone

70 1168 290 1247 adventante,
319 1171 352 1235 et
376 1166 499 1234 deinde
523 1167 632 1234 animi
656 1170 802 1237 mollitia
829 1175 862 1237 et
890 1170 1099 1257 desperatio,
1128 1175 1221 1260 quod
1244 1176 1287 1242 ab

69 1273 297 1360 optimatibus
317 1274 390 1340 suis
403 1275 636 1342 obedientiam
657 1274 803 1362 abjicere
821 1275 1065 1345 minitantibus
1079 1276 1180 1347 illurn
1198 1299 1288 1348 novo

68 1381 191 1450 exsilio
205 1382 374 1449 mulctare
388 1383 553 1470 adigitur.
570 1382 623 1449 lra
639 1382 830 1466 praesertim
847 1383 1042 1452 incenditur
1057 1404 1167 1471 quum
1180 1387 1287 1454 Duro

69 1490 249 1557 vernensis
276 1490 564 1577 Archiepiscopus
592 1490 747 1557 minatur
776 1509 812 1556 se
836 1495 1010 1557 certamen
1034 1491 1077 1558 ad
1106 1510 1284 1561 summum

64 1597 270 1665 Pontificem
290 1600 484 1666 Romanum
509 1598 704 1664 delaturum
725 1617 811 1664 esse.
829 1596 983 1664 Marlovii
999 1598 1154 1666 studium
1169 1599 1206 1667 in
1226 1618 1284 1667 eos

62 1705 122 1791 qui
136 1724 239 1773 novae
253 1705 413 1792 religioni
428 1705 599 1784 favebant,
617 1707 707 1790 quod
723 1724 793 1791 prae
809 1723 844 1770 se
858 1702 938 1770 tulii
948 1705 1069 1772 multis
1079 1705 1115 1772 in
1125 1706 1283 1792 partibus

61 1811 265 1880 fabularum
280 1831 435 1890 suarum,
452 1812 489 1879 in
507 1812 571 1879 hoc
591 1811 663 1878 loco
684 1831 806 1879 rursus
829 1809 968 1878 eminet.
992 1808 1064 1878 Rex
1087 1813 1280 1882 exclamat:

184 1968 280 2030 Educ.
298 1967 456 2040 Howl'ast
471 1970 545 2049 they
557 1990 619 2031 run
632 1977 663 2031 to
675 1968 790 2031 hanish
804 1969 871 2030 him
888 1970 900 2030 l
918 1971 988 2032 love
1000 1973 1008 2031 l

184 2067 274 2146 They
288 2066 395 2128 would
410 2078 465 2129 not
480 2068 549 2147 stir,
566 2087 652 2129 were
666 2067 691 2130 it
705 2078 738 2129 to
753 2066 792 2129 do
808 2067 966 2148 meguod.

183 2167 273 2246 Why
288 2165 402 2228 should
417 2186 435 2228 3
450 2167 529 2247 king
544 2167 582 2228 be
597 2166 717 2249 subject
732 2175 763 2228 to
776 2187 794 2227 a
809 2165 932 2247 priestt

184 2263 293 2325 Proud
308 2265 412 2328 Rome
426 2267 432 2326 l
450 2266 517 2327 that
529 2266 673 2327 hatchost
687 2265 766 2327 such
781 2264 928 2345 imperial
941 2280 1084 2347 grooms,

184 2363 249 2423 For
263 2363 352 2425 these
367 2364 422 2444 thy
435 2364 659 2444 superstitious
674 2362 891 2443 taper-lights,

183 2461 385 2523 Wherewith
401 2462 456 2541 thy
470 2462 693 2524 antichristian
708 2461 865 2523 churches
879 2458 978 2535 blaze,

183 2559 231 2621 l’ll
244 2561 302 2622 lire
316 2561 370 2639 thy
384 2559 497 2622 crazed
512 2559 684 2642 buildings,
701 2559 763 2622 and
778 2558 905 2621 enforce

180 2658 248 2719 The
263 2659 355 2739 papal
369 2666 487 2720 towers
501 2667 532 2719 to
548 2658 616 2720 kiss
631 2659 684 2719 the
699 2658 795 2736 lowly
810 2652 954 2737 ground!

179 2755 267 2817 With
282 2757 484 2836 slaughtered
497 2756 612 2838 priests
628 2757 722 2818 make
736 2755 858 2816 Tiber’s
873 2752 1010 2816 channel
1024 2752 1128 2828 swell,

179 2853 252 2915 And
262 2853 366 2915 banks
382 2854 487 2917 raised
501 2855 616 2934 higher
630 2854 709 2915 with
724 2854 806 2915 their
821 2851 1026 2932 sepulchresl

177 2955 224 3014 As
238 2950 287 3014 for
302 2953 354 3013 the
371 2971 472 3033 peers,
491 2954 557 3015 that
573 2952 652 3014 back
667 2953 719 3014 the
732 2952 840 3032 clergy
854 2951 940 3028 thus,

179 3047 233 3110 lil
248 3046 287 3111 be
301 3048 391 3131 king,
408 3059 464 3113 not
477 3070 538 3113 one
554 3048 588 3112 of
600 3051 684 3112 them
701 3051 782 3112 shall
798 3048 860 3110 live
871 3045 894 3108 ¹.

100 3215 190 3280 Solis
212 3215 343 3301 reginae
375 3216 531 3301 partibus
564 3215 699 3300 primus
729 3215 942 3281 deformatur
964 3215 1078 3281 actus.
1111 3212 1271 3296 Impensa

52 3322 215 3389 voluntas
228 3321 437 3389 Valesiensis
451 3322 605 3389 lsabellae
620 3323 655 3387 in
672 3321 855 3410 conjugem
872 3339 975 3388 suum
991 3338 1030 3386 eo
1045 3318 1159 3406 magis
1181 3316 1271 3384 mira

52 3428 203 3506 videtur,
232 3428 324 3513 quod
357 3428 423 3512 ipsi
453 3428 637 3495 manifesto
662 3447 762 3495 carus
782 3432 833 3494 est
856 3426 1046 3493 Mortimeri
1069 3424 1176 3507 filius
1202 3443 1270 3510 quo

53 3537 205 3601 amatur.
222 3534 284 3600 1113
303 3535 486 3601 adducitur
505 3534 548 3601 ad
565 3535 674 3601 animi
695 3535 968 3601 imbecillitatem
993 3536 1130 3600 tantum
1153 3531 1268 3620 digni-

52 3643 160 3707 tatem
177 3658 274 3706 suam
292 3639 569 3718 imminuentem,
593 3644 626 3705 et
646 3658 700 3706 res
726 3643 798 3707 tam
823 3641 1009 3727 stupendas
1032 3639 1203 3725 permittit
1217 3642 1267 3721 ut,
1375 3653 1380 3663 ’

52 3746 169 3813 dolore
187 3765 249 3812 suo
266 3749 457 3830 spectantes
471 3747 567 3813 nullo
591 3748 693 3814 modo
717 3752 931 3815 moveantur.
948 3747 1031 3814 June
1045 3747 1203 3812 notatum
1216 3748 1269 3812 est

51 3853 256 3919 lllarlcvium
287 3853 323 3918 in
351 3855 444 3918 nulla
475 3852 670 3921 fabularum
702 3874 843 3921 suarum
873 3871 991 3920 veram
1021 3855 1055 3919 et
1081 3850 1267 3937 perfectam

50 3959 259 4025 muliebrem
284 3959 525 4043 'descripsisse
566 3980 762 4045 personam.
807 3952 1033 4039 Zenocrates‚'
1072 3958 1266 4024 Tamerlani

51 4083 190 4150 sponsa,
209 4068 309 4132 modo
325 4066 481 4132 habitum
504 4072 537 4133 et
559 4086 674 4133 mores
697 4068 848 4133 ostendit
870 4067 1071 4154 reginarum
1095 4082 1267 4131 commen·

51 4173 143 4239 ticiis
173 4173 299 4239 tabulis
324 4174 493 4240 fictarum.
520 4176 558 4240 ln
584 4174 752 4241 Melitensi
772 4175 910 4253 ludeo,
933 4172 1102 4260 Abigaili‚
1125 4169 1265 4238 Barahae

49 4279 142 4358 tiliae,
161 4284 297 4346 tantum
321 4280 489 4347 illecebrae
513 4284 681 4367 quantum
706 4280 855 4348 liberum
879 4278 1061 4348 arbitrium
1086 4276 1261 4344 deficiunt.

48 4389 233 4472 Nunquam
245 4387 353 4472 patris
369 4387 422 4454 sui
438 4386 592 4455 consiliis
607 4388 759 4467 obsistit3
777 4407 846 4455 non
866 4387 933 4455 sibi
952 4387 988 4453 in
1003 4388 1155 4452 mentem
1169 4383 1264 4450 venit

43 4492 143 4578 jussa
173 4494 227 4559 vel
255 4493 473 4560 odiosissime
496 4512 669 4574 recusare,
695 4497 879 4582 antequam
904 4494 978 4580 ipsa
999 4496 1140 4577 patema
1162 4489 1260 4557 saevi·
1327 4534 1329 4539 ,

76 4725 85 4759 ¹
101 4724 148 4774 Ed.
165 4722 270 4786 Bullen‚
283 4722 335 4774 vol.
349 4724 380 4786 ll,
395 4737 440 4788 pp.
455 4722 567 4776 lat-lat.
580 4751 612 4761 —
624 4725 683 4776 Act.
697 4725 716 4787 l,
731 4725 773 4775 Sc.
785 4722 834 4778 tv.
