<?xml version="1.0" encoding="UTF-8"?>
<!DOCTYPE html PUBLIC "-//W3C//DTD XHTML 1.0 Transitional//EN"
    "http://www.w3.org/TR/xhtml1/DTD/xhtml1-transitional.dtd">
<html xmlns="http://www.w3.org/1999/xhtml" xml:lang="en" lang="en">
 <head>
  <title>
</title>
<meta http-equiv="Content-Type" content="text/html;charset=utf-8" />
  <meta name='ocr-system' content='tesseract 3.04.00' />
  <meta name='ocr-capabilities' content='ocr_page ocr_carea ocr_par ocr_line ocrx_word'/>
</head>
<body>
  <div class='ocr_page' id='page_1' title='image "./demarlovianisfa00faligoog_0041.png"; bbox 0 0 3120 5474; ppageno 0'>
   <div class='ocr_carea' id='block_1_1' title="bbox 701 420 860 485">
    <p class='ocr_par' dir='ltr' id='par_1_1' title="bbox 701 420 860 485">
     <span class='ocr_line' id='line_1_1' title="bbox 701 420 860 485; baseline -0.013 -16"><span class='ocrx_word' id='word_1_1' title='bbox 701 420 860 485; x_wconf 70' lang='lat'><strong>‚30-</strong></span> 
     </span>
    </p>
   </div>
   <div class='ocr_carea' id='block_1_2' title="bbox 155 590 1424 4707">
    <p class='ocr_par' dir='ltr' id='par_1_2' title="bbox 217 590 991 679">
     <span class='ocr_line' id='line_1_2' title="bbox 217 590 991 679; baseline -0.003 -21"><span class='ocrx_word' id='word_1_2' title='bbox 217 590 348 673; x_wconf 89' lang='lat' dir='ltr'><strong>Quibus</strong></span> <span class='ocrx_word' id='word_1_3' title='bbox 364 592 483 660; x_wconf 87' lang='lat' dir='ltr'><strong>Peelus</strong></span> <span class='ocrx_word' id='word_1_4' title='bbox 497 592 724 679; x_wconf 86' lang='lat' dir='ltr'><strong>nonnullique</strong></span> <span class='ocrx_word' id='word_1_5' title='bbox 739 590 819 659; x_wconf 89' lang='lat' dir='ltr'><strong>addi</strong></span> <span class='ocrx_word' id='word_1_6' title='bbox 834 592 991 676; x_wconf 76' lang='lat' dir='ltr'><strong>possunt.</strong></span> 
     </span>
    </p>

    <p class='ocr_par' dir='ltr' id='par_1_3' title="bbox 155 690 1424 4067">
     <span class='ocr_line' id='line_1_3' title="bbox 219 690 1355 785; baseline 0 -22"><span class='ocrx_word' id='word_1_7' title='bbox 219 697 375 765; x_wconf 90' lang='lat' dir='ltr'><strong>Primum</strong></span> <span class='ocrx_word' id='word_1_8' title='bbox 395 717 463 785; x_wconf 93' lang='lat' dir='ltr'><strong>quo</strong></span> <span class='ocrx_word' id='word_1_9' title='bbox 483 704 515 767; x_wconf 89' lang='lat' dir='ltr'><strong>te</strong></span> <span class='ocrx_word' id='word_1_10' title='bbox 535 704 649 767; x_wconf 89' lang='lat' dir='ltr'><strong>vertas</strong></span> <span class='ocrx_word' id='word_1_11' title='bbox 671 698 804 766; x_wconf 77' lang='lat' dir='ltr'><strong>nescies</strong></span> <span class='ocrx_word' id='word_1_12' title='bbox 827 696 858 763; x_wconf 90' lang='lat' dir='ltr'><strong>si</strong></span> <span class='ocrx_word' id='word_1_13' title='bbox 884 690 1019 763; x_wconf 81' lang='lat' dir='ltr'><strong>fabulas</strong></span> <span class='ocrx_word' id='word_1_14' title='bbox 1042 712 1166 763; x_wconf 87' lang='lat' dir='ltr'><strong>eorum</strong></span> <span class='ocrx_word' id='word_1_15' title='bbox 1187 696 1245 782; x_wconf 92' lang='lat' dir='ltr'><strong>qui</strong></span> <span class='ocrx_word' id='word_1_16' title='bbox 1262 694 1355 763; x_wconf 80' lang='lat' dir='ltr'><strong>dnm</strong></span> 
     </span>
     <span class='ocr_line' id='line_1_4' title="bbox 173 800 1355 891; baseline -0.003 -22"><span class='ocrx_word' id='word_1_17' title='bbox 173 803 387 888; x_wconf 88' lang='lat' dir='ltr'><strong>scripserunt</strong></span> <span class='ocrx_word' id='word_1_18' title='bbox 415 805 614 891; x_wconf 72' lang='lat' dir='ltr'><strong>perspicies,</strong></span> <span class='ocrx_word' id='word_1_19' title='bbox 647 804 813 871; x_wconf 86' lang='lat' dir='ltr'><strong>Fontibus</strong></span> <span class='ocrx_word' id='word_1_20' title='bbox 840 800 1004 886; x_wconf 74' lang='lat' dir='ltr'><strong>plurimis</strong></span> <span class='ocrx_word' id='word_1_21' title='bbox 1030 803 1065 867; x_wconf 90' lang='lat' dir='ltr'><strong>et</strong></span> <span class='ocrx_word' id='word_1_22' title='bbox 1101 800 1281 887; x_wconf 89' lang='lat' dir='ltr'><strong>aliquando</strong></span> <span class='ocrx_word' id='word_1_23' title='bbox 1303 802 1355 866; x_wconf 88' lang='lat' dir='ltr'><strong>tan</strong></span> 
     </span>
     <span class='ocr_line' id='line_1_5' title="bbox 172 906 1386 992; baseline -0.003 -18"><span class='ocrx_word' id='word_1_24' title='bbox 172 908 319 976; x_wconf 75' lang='lat' dir='ltr'><strong>(liversis</strong></span> <span class='ocrx_word' id='word_1_25' title='bbox 343 912 396 977; x_wconf 84' lang='lat' dir='ltr'><strong>lrae</strong></span> <span class='ocrx_word' id='word_1_26' title='bbox 420 910 544 979; x_wconf 77' lang='lat' dir='ltr'><strong>tabulae</strong></span> <span class='ocrx_word' id='word_1_27' title='bbox 566 913 698 979; x_wconf 85' lang='lat' dir='ltr'><strong>haustae</strong></span> <span class='ocrx_word' id='word_1_28' title='bbox 721 913 814 988; x_wconf 88' lang='lat' dir='ltr'><strong>sunt,</strong></span> <span class='ocrx_word' id='word_1_29' title='bbox 835 912 875 975; x_wconf 96' lang='lat' dir='ltr'><strong>ut</strong></span> <span class='ocrx_word' id='word_1_30' title='bbox 898 926 966 975; x_wconf 94' lang='lat' dir='ltr'><strong>non</strong></span> <span class='ocrx_word' id='word_1_31' title='bbox 990 906 1174 975; x_wconf 78' lang='lat' dir='ltr'><strong>confestim</strong></span> <span class='ocrx_word' id='word_1_32' title='bbox 1197 906 1356 992; x_wconf 90' lang='lat' dir='ltr'><strong>deprehen·</strong></span> <span class='ocrx_word' id='word_1_33' title='bbox 1383 930 1386 935; x_wconf 95' lang='lat'>·</span> 
     </span>
     <span class='ocr_line' id='line_1_6' title="bbox 172 1012 1355 1102; baseline -0.005 -21"><span class='ocrx_word' id='word_1_34' title='bbox 172 1014 297 1082; x_wconf 88' lang='lat' dir='ltr'><strong>dantur</strong></span> <span class='ocrx_word' id='word_1_35' title='bbox 314 1034 517 1083; x_wconf 89' lang='lat' dir='ltr'><strong>communes</strong></span> <span class='ocrx_word' id='word_1_36' title='bbox 541 1016 660 1083; x_wconf 75' lang='lat' dir='ltr'><strong>sermm</strong></span> <span class='ocrx_word' id='word_1_37' title='bbox 682 1016 809 1102; x_wconf 92' lang='lat' dir='ltr'><strong>quibus</strong></span> <span class='ocrx_word' id='word_1_38' title='bbox 831 1014 991 1101; x_wconf 70' lang='lat' dir='ltr'><strong>quaedam</strong></span> <span class='ocrx_word' id='word_1_39' title='bbox 1014 1012 1158 1081; x_wconf 85' lang='lat' dir='ltr'><strong>intense</strong></span> <span class='ocrx_word' id='word_1_40' title='bbox 1180 1012 1355 1081; x_wconf 75' lang='lat' dir='ltr'><strong>cohaereant.</strong></span> 
     </span>
     <span class='ocr_line' id='line_1_7' title="bbox 172 1118 1359 1207; baseline -0.003 -20"><span class='ocrx_word' id='word_1_41' title='bbox 172 1122 298 1188; x_wconf 85' lang='lat' dir='ltr'><strong>Rerum</strong></span> <span class='ocrx_word' id='word_1_42' title='bbox 314 1128 428 1189; x_wconf 86' lang='lat' dir='ltr'><strong>eutem</strong></span> <span class='ocrx_word' id='word_1_43' title='bbox 446 1124 665 1207; x_wconf 85' lang='lat' dir='ltr'><strong>perturbatus</strong></span> <span class='ocrx_word' id='word_1_44' title='bbox 680 1122 776 1200; x_wconf 89' lang='lat' dir='ltr'><strong>orde,</strong></span> <span class='ocrx_word' id='word_1_45' title='bbox 788 1122 846 1206; x_wconf 92' lang='lat' dir='ltr'><strong>qui</strong></span> <span class='ocrx_word' id='word_1_46' title='bbox 863 1120 999 1188; x_wconf 88' lang='lat' dir='ltr'><strong>videtur</strong></span> <span class='ocrx_word' id='word_1_47' title='bbox 1013 1119 1275 1205; x_wconf 86' lang='lat' dir='ltr'><strong>inexplicabilis,</strong></span> <span class='ocrx_word' id='word_1_48' title='bbox 1289 1118 1359 1184; x_wconf 88' lang='lat' dir='ltr'><strong>tenet</strong></span> 
     </span>
     <span class='ocr_line' id='line_1_8' title="bbox 172 1220 1413 1310; baseline -0.006 -17"><span class='ocrx_word' id='word_1_49' title='bbox 172 1232 351 1305; x_wconf 87' lang='lat' dir='ltr'><strong>externas,</strong></span> <span class='ocrx_word' id='word_1_50' title='bbox 382 1247 449 1294; x_wconf 93' lang='lat' dir='ltr'><strong>non</strong></span> <span class='ocrx_word' id='word_1_51' title='bbox 480 1229 632 1295; x_wconf 84' lang='lat' dir='ltr'><strong>internas</strong></span> <span class='ocrx_word' id='word_1_52' title='bbox 662 1225 858 1293; x_wconf 85' lang='lat' dir='ltr'><strong>fabularum</strong></span> <span class='ocrx_word' id='word_1_53' title='bbox 895 1228 1021 1310; x_wconf 87' lang='lat' dir='ltr'><strong>partes.</strong></span> <span class='ocrx_word' id='word_1_54' title='bbox 1062 1224 1228 1307; x_wconf 89' lang='lat' dir='ltr'><strong>Quamvis</strong></span> <span class='ocrx_word' id='word_1_55' title='bbox 1261 1224 1289 1290; x_wconf 93' lang='lat' dir='ltr'><strong>is</strong></span> <span class='ocrx_word' id='word_1_56' title='bbox 1316 1220 1359 1308; x_wconf 91' lang='lat' dir='ltr'><strong>qui</strong></span> <span class='ocrx_word' id='word_1_57' title='bbox 1410 1280 1413 1285; x_wconf 90' lang='lat'><strong>.</strong></span> 
     </span>
     <span class='ocr_line' id='line_1_9' title="bbox 171 1330 1416 1418; baseline -0.003 -19"><span class='ocrx_word' id='word_1_58' title='bbox 171 1335 310 1418; x_wconf 88' lang='lat' dir='ltr'><strong>scripsit</strong></span> <span class='ocrx_word' id='word_1_59' title='bbox 325 1354 366 1401; x_wconf 89' lang='lat' dir='ltr'><strong>ex</strong></span> <span class='ocrx_word' id='word_1_60' title='bbox 381 1334 543 1400; x_wconf 85' lang='lat' dir='ltr'><strong>omnibus</strong></span> <span class='ocrx_word' id='word_1_61' title='bbox 558 1334 751 1418; x_wconf 77' lang='lat' dir='ltr'><strong>disciplima</strong></span> <span class='ocrx_word' id='word_1_62' title='bbox 766 1332 915 1400; x_wconf 89' lang='lat' dir='ltr'><strong>vinculis</strong></span> <span class='ocrx_word' id='word_1_63' title='bbox 931 1350 967 1398; x_wconf 89' lang='lat' dir='ltr'><strong>se</strong></span> <span class='ocrx_word' id='word_1_64' title='bbox 987 1330 1135 1410; x_wconf 79' lang='lat' dir='ltr'><strong>exuerit,</strong></span> <span class='ocrx_word' id='word_1_65' title='bbox 1153 1348 1256 1416; x_wconf 92' lang='lat' dir='ltr'><strong>super</strong></span> <span class='ocrx_word' id='word_1_66' title='bbox 1268 1332 1360 1396; x_wconf 91' lang='lat' dir='ltr'><strong>tamen</strong></span> <span class='ocrx_word' id='word_1_67' title='bbox 1412 1342 1416 1347; x_wconf 82' lang='lat'>&#39;</span> 
     </span>
     <span class='ocr_line' id='line_1_10' title="bbox 171 1435 1424 1525; baseline -0.004 -20"><span class='ocrx_word' id='word_1_68' title='bbox 171 1438 322 1515; x_wconf 86' lang='lat' dir='ltr'><strong>suerunt,</strong></span> <span class='ocrx_word' id='word_1_69' title='bbox 348 1442 541 1525; x_wconf 68' lang='lat' dir='ltr'><strong>presertim</strong></span> <span class='ocrx_word' id='word_1_70' title='bbox 566 1441 599 1506; x_wconf 94' lang='lat' dir='ltr'><strong>in</strong></span> <span class='ocrx_word' id='word_1_71' title='bbox 624 1439 762 1519; x_wconf 72' lang='lat' dir='ltr'><strong>tabulis</strong></span> <span class='ocrx_word' id='word_1_72' title='bbox 785 1439 943 1525; x_wconf 84' lang='lat' dir='ltr'><strong>quaedam</strong></span> <span class='ocrx_word' id='word_1_73' title='bbox 964 1437 1241 1505; x_wconf 83' lang='lat' dir='ltr'><strong>necessitudines</strong></span> <span class='ocrx_word' id='word_1_74' title='bbox 1258 1435 1361 1521; x_wconf 90' lang='lat' dir='ltr'><strong>quibus</strong></span> <span class='ocrx_word' id='word_1_75' title='bbox 1422 1474 1424 1487; x_wconf 88' lang='lat'>·</span> 
     </span>
     <span class='ocr_line' id='line_1_11' title="bbox 170 1530 1424 1634; baseline -0.006 -21"><span class='ocrx_word' id='word_1_76' title='bbox 170 1547 378 1613; x_wconf 87' lang='lat' dir='ltr'><strong>constrictus</strong></span> <span class='ocrx_word' id='word_1_77' title='bbox 397 1546 462 1613; x_wconf 86' lang='lat' dir='ltr'><strong>luit</strong></span> <span class='ocrx_word' id='word_1_78' title='bbox 477 1549 510 1613; x_wconf 95' lang='lat' dir='ltr'><strong>et</strong></span> <span class='ocrx_word' id='word_1_79' title='bbox 530 1547 659 1634; x_wconf 70' lang='lat' dir='ltr'><strong>regulae</strong></span> <span class='ocrx_word' id='word_1_80' title='bbox 679 1565 778 1631; x_wconf 87' lang='lat' dir='ltr'><strong>quas,</strong></span> <span class='ocrx_word' id='word_1_81' title='bbox 800 1546 882 1612; x_wconf 91' lang='lat' dir='ltr'><strong>velit</strong></span> <span class='ocrx_word' id='word_1_82' title='bbox 897 1544 995 1623; x_wconf 91' lang='lat' dir='ltr'><strong>nolit,</strong></span> <span class='ocrx_word' id='word_1_83' title='bbox 1022 1543 1173 1611; x_wconf 89' lang='lat' dir='ltr'><strong>servavit</strong></span> <span class='ocrx_word' id='word_1_84' title='bbox 1188 1542 1287 1629; x_wconf 92' lang='lat' dir='ltr'><strong>quod,</strong></span> <span class='ocrx_word' id='word_1_85' title='bbox 1306 1541 1363 1607; x_wconf 84' lang='lat' dir='ltr'><strong>hac</strong></span> <span class='ocrx_word' id='word_1_86' title='bbox 1422 1530 1424 1623; x_wconf 62' lang='lat' dir='ltr'>s</span> 
     </span>
     <span class='ocr_line' id='line_1_12' title="bbox 171 1648 1421 1737; baseline -0.006 -19"><span class='ocrx_word' id='word_1_87' title='bbox 171 1653 200 1718; x_wconf 87' lang='lat' dir='ltr'><strong>si</strong></span> <span class='ocrx_word' id='word_1_88' title='bbox 216 1653 422 1737; x_wconf 79' lang='lat' dir='ltr'><strong>alnupissct,</strong></span> <span class='ocrx_word' id='word_1_89' title='bbox 440 1653 584 1719; x_wconf 89' lang='lat' dir='ltr'><strong>obseura</strong></span> <span class='ocrx_word' id='word_1_90' title='bbox 601 1656 659 1718; x_wconf 92' lang='lat' dir='ltr'><strong>ant</strong></span> <span class='ocrx_word' id='word_1_91' title='bbox 675 1652 823 1719; x_wconf 89' lang='lat' dir='ltr'><strong>absurda</strong></span> <span class='ocrx_word' id='word_1_92' title='bbox 840 1650 954 1717; x_wconf 88' lang='lat' dir='ltr'><strong>fabula</strong></span> <span class='ocrx_word' id='word_1_93' title='bbox 971 1648 1058 1717; x_wconf 87' lang='lat' dir='ltr'><strong>lacta</strong></span> <span class='ocrx_word' id='word_1_94' title='bbox 1071 1648 1206 1716; x_wconf 88' lang='lat' dir='ltr'><strong>luisset.</strong></span> <span class='ocrx_word' id='word_1_95' title='bbox 1222 1649 1365 1731; x_wconf 62' lang='lat' dir='ltr'><strong>Quartam</strong></span> <span class='ocrx_word' id='word_1_96' title='bbox 1418 1664 1421 1671; x_wconf 93' lang='lat'>·</span> 
     </span>
     <span class='ocr_line' id='line_1_13' title="bbox 171 1750 1367 1843; baseline -0.004 -20"><span class='ocrx_word' id='word_1_97' title='bbox 171 1763 397 1843; x_wconf 68' lang='lat' dir='ltr'><strong>praepotentes</strong></span> <span class='ocrx_word' id='word_1_98' title='bbox 422 1763 503 1824; x_wconf 90' lang='lat' dir='ltr'><strong>sunt</strong></span> <span class='ocrx_word' id='word_1_99' title='bbox 530 1762 567 1825; x_wconf 92' lang='lat' dir='ltr'><strong>ut</strong></span> <span class='ocrx_word' id='word_1_100' title='bbox 590 1760 791 1825; x_wconf 84' lang='lat' dir='ltr'><strong>servitutem</strong></span> <span class='ocrx_word' id='word_1_101' title='bbox 813 1774 913 1823; x_wconf 93' lang='lat' dir='ltr'><strong>suam</strong></span> <span class='ocrx_word' id='word_1_102' title='bbox 942 1755 1127 1843; x_wconf 85' lang='lat' dir='ltr'><strong>injungant</strong></span> <span class='ocrx_word' id='word_1_103' title='bbox 1146 1755 1191 1822; x_wconf 91' lang='lat' dir='ltr'><strong>iis</strong></span> <span class='ocrx_word' id='word_1_104' title='bbox 1221 1754 1303 1840; x_wconf 90' lang='lat' dir='ltr'><strong>ipsis</strong></span> <span class='ocrx_word' id='word_1_105' title='bbox 1320 1750 1367 1837; x_wconf 92' lang='lat' dir='ltr'><strong>qui</strong></span> 
     </span>
     <span class='ocr_line' id='line_1_14' title="bbox 170 1861 1371 1948; baseline -0.004 -19"><span class='ocrx_word' id='word_1_106' title='bbox 170 1865 477 1948; x_wconf 84' lang='lat' dir='ltr'><strong>persuasissimum</strong></span> <span class='ocrx_word' id='word_1_107' title='bbox 502 1865 629 1930; x_wconf 89' lang='lat' dir='ltr'><strong>habent</strong></span> <span class='ocrx_word' id='word_1_108' title='bbox 651 1883 688 1929; x_wconf 92' lang='lat' dir='ltr'><strong>se</strong></span> <span class='ocrx_word' id='word_1_109' title='bbox 712 1864 755 1930; x_wconf 88' lang='lat' dir='ltr'><strong>ab</strong></span> <span class='ocrx_word' id='word_1_110' title='bbox 781 1863 850 1929; x_wconf 88' lang='lat' dir='ltr'><strong>illis</strong></span> <span class='ocrx_word' id='word_1_111' title='bbox 867 1862 1088 1938; x_wconf 86' lang='lat' dir='ltr'><strong>relaxavisse,</strong></span> <span class='ocrx_word' id='word_1_112' title='bbox 1105 1864 1140 1927; x_wconf 91' lang='lat' dir='ltr'><strong>et</strong></span> <span class='ocrx_word' id='word_1_113' title='bbox 1155 1861 1184 1927; x_wconf 89' lang='lat' dir='ltr'><strong>si</strong></span> <span class='ocrx_word' id='word_1_114' title='bbox 1202 1861 1371 1948; x_wconf 84' lang='lat' dir='ltr'><strong>diligenter</strong></span> 
     </span>
     <span class='ocr_line' id='line_1_15' title="bbox 171 1967 1372 2055; baseline -0.003 -20"><span class='ocrx_word' id='word_1_115' title='bbox 171 1970 361 2055; x_wconf 87' lang='lat' dir='ltr'><strong>inspexeris</strong></span> <span class='ocrx_word' id='word_1_116' title='bbox 381 1970 513 2037; x_wconf 82' lang='lat' dir='ltr'><strong>tabulas</strong></span> <span class='ocrx_word' id='word_1_117' title='bbox 538 1971 628 2052; x_wconf 87' lang='lat' dir='ltr'><strong>illas,</strong></span> <span class='ocrx_word' id='word_1_118' title='bbox 650 1976 721 2037; x_wconf 89' lang='lat' dir='ltr'><strong>tam</strong></span> <span class='ocrx_word' id='word_1_119' title='bbox 744 1970 966 2036; x_wconf 89' lang='lat' dir='ltr'><strong>vehementer</strong></span> <span class='ocrx_word' id='word_1_120' title='bbox 989 1968 1202 2052; x_wconf 78' lang='lat' dir='ltr'><strong>licenterque</strong></span> <span class='ocrx_word' id='word_1_121' title='bbox 1229 1967 1372 2051; x_wconf 87' lang='lat' dir='ltr'><strong>scriptas,</strong></span> 
     </span>
     <span class='ocr_line' id='line_1_16' title="bbox 171 2072 1376 2164; baseline -0.002 -23"><span class='ocrx_word' id='word_1_122' title='bbox 171 2077 207 2142; x_wconf 92' lang='lat' dir='ltr'><strong>in</strong></span> <span class='ocrx_word' id='word_1_123' title='bbox 224 2077 278 2143; x_wconf 81' lang='lat' dir='ltr'><strong>liis</strong></span> <span class='ocrx_word' id='word_1_124' title='bbox 293 2096 458 2164; x_wconf 80' lang='lat' dir='ltr'><strong>agnosces</strong></span> <span class='ocrx_word' id='word_1_125' title='bbox 473 2095 542 2142; x_wconf 92' lang='lat' dir='ltr'><strong>non</strong></span> <span class='ocrx_word' id='word_1_126' title='bbox 558 2078 670 2143; x_wconf 91' lang='lat' dir='ltr'><strong>solum</strong></span> <span class='ocrx_word' id='word_1_127' title='bbox 686 2076 853 2142; x_wconf 90' lang='lat' dir='ltr'><strong>elementa</strong></span> <span class='ocrx_word' id='word_1_128' title='bbox 865 2072 1075 2152; x_wconf 87' lang='lat' dir='ltr'><strong>eommunia,</strong></span> <span class='ocrx_word' id='word_1_129' title='bbox 1094 2073 1251 2158; x_wconf 89' lang='lat' dir='ltr'><strong>equibus</strong></span> <span class='ocrx_word' id='word_1_130' title='bbox 1267 2073 1376 2140; x_wconf 89' lang='lat' dir='ltr'><strong>drama</strong></span> 
     </span>
     <span class='ocr_line' id='line_1_17' title="bbox 170 2178 1379 2268; baseline -0.002 -20"><span class='ocrx_word' id='word_1_131' title='bbox 170 2202 298 2250; x_wconf 85' lang='lat' dir='ltr'><strong>novum</strong></span> <span class='ocrx_word' id='word_1_132' title='bbox 327 2183 560 2268; x_wconf 85' lang='lat' dir='ltr'><strong>profecturum</strong></span> <span class='ocrx_word' id='word_1_133' title='bbox 589 2186 674 2259; x_wconf 89' lang='lat' dir='ltr'><strong>erat,</strong></span> <span class='ocrx_word' id='word_1_134' title='bbox 707 2182 767 2249; x_wconf 86' lang='lat' dir='ltr'><strong>sed</strong></span> <span class='ocrx_word' id='word_1_135' title='bbox 789 2182 893 2248; x_wconf 86' lang='lat' dir='ltr'><strong>etiam</strong></span> <span class='ocrx_word' id='word_1_136' title='bbox 915 2180 1106 2267; x_wconf 85' lang='lat' dir='ltr'><strong>singularia</strong></span> <span class='ocrx_word' id='word_1_137' title='bbox 1134 2180 1238 2267; x_wconf 88' lang='lat' dir='ltr'><strong>signa</strong></span> <span class='ocrx_word' id='word_1_138' title='bbox 1262 2178 1379 2265; x_wconf 85' lang='lat' dir='ltr'><strong>quibus</strong></span> 
     </span>
     <span class='ocr_line' id='line_1_18' title="bbox 171 2284 1380 2375; baseline -0.002 -21"><span class='ocrx_word' id='word_1_139' title='bbox 171 2288 250 2354; x_wconf 92' lang='lat' dir='ltr'><strong>data</strong></span> <span class='ocrx_word' id='word_1_140' title='bbox 274 2288 339 2355; x_wconf 87' lang='lat' dir='ltr'><strong>suit</strong></span> <span class='ocrx_word' id='word_1_141' title='bbox 362 2293 512 2375; x_wconf 90' lang='lat' dir='ltr'><strong>potestas</strong></span> <span class='ocrx_word' id='word_1_142' title='bbox 537 2290 614 2355; x_wconf 90' lang='lat' dir='ltr'><strong>illas</strong></span> <span class='ocrx_word' id='word_1_143' title='bbox 634 2288 820 2355; x_wconf 88' lang='lat' dir='ltr'><strong>diducendi</strong></span> <span class='ocrx_word' id='word_1_144' title='bbox 840 2287 876 2353; x_wconf 92' lang='lat' dir='ltr'><strong>in</strong></span> <span class='ocrx_word' id='word_1_145' title='bbox 900 2305 1025 2374; x_wconf 88' lang='lat' dir='ltr'><strong>genera</strong></span> <span class='ocrx_word' id='word_1_146' title='bbox 1047 2287 1138 2353; x_wconf 89' lang='lat' dir='ltr'><strong>clare</strong></span> <span class='ocrx_word' id='word_1_147' title='bbox 1163 2284 1380 2353; x_wconf 75' lang='lat' dir='ltr'><strong>distinctan</strong></span> 
     </span>
     <span class='ocr_line' id='line_1_19' title="bbox 170 2388 1383 2481; baseline -0.002 -22"><span class='ocrx_word' id='word_1_148' title='bbox 170 2393 285 2460; x_wconf 87' lang='lat' dir='ltr'><strong>fabula</strong></span> <span class='ocrx_word' id='word_1_149' title='bbox 308 2414 385 2479; x_wconf 75' lang='lat' dir='ltr'><strong>quae</strong></span> <span class='ocrx_word' id='word_1_150' title='bbox 412 2396 548 2481; x_wconf 87' lang='lat' dir='ltr'><strong>proprie</strong></span> <span class='ocrx_word' id='word_1_151' title='bbox 571 2414 718 2480; x_wconf 83' lang='lat' dir='ltr'><strong>vereque</strong></span> <span class='ocrx_word' id='word_1_152' title='bbox 742 2395 863 2461; x_wconf 89' lang='lat' dir='ltr'><strong>drama</strong></span> <span class='ocrx_word' id='word_1_153' title='bbox 887 2393 1026 2471; x_wconf 91' lang='lat' dir='ltr'><strong>dicitur,</strong></span> <span class='ocrx_word' id='word_1_154' title='bbox 1050 2392 1142 2477; x_wconf 93' lang='lat' dir='ltr'><strong>quod</strong></span> <span class='ocrx_word' id='word_1_155' title='bbox 1162 2388 1314 2480; x_wconf 90' lang='lat' dir='ltr'><strong>insignis</strong></span> <span class='ocrx_word' id='word_1_156' title='bbox 1335 2393 1383 2459; x_wconf 88' lang='lat' dir='ltr'><strong>est</strong></span> 
     </span>
     <span class='ocr_line' id='line_1_20' title="bbox 170 2498 1382 2588; baseline -0.002 -22"><span class='ocrx_word' id='word_1_157' title='bbox 170 2501 366 2587; x_wconf 90' lang='lat' dir='ltr'><strong>argumenti</strong></span> <span class='ocrx_word' id='word_1_158' title='bbox 383 2502 436 2567; x_wconf 91' lang='lat' dir='ltr'><strong>sui</strong></span> <span class='ocrx_word' id='word_1_159' title='bbox 452 2520 589 2588; x_wconf 83' lang='lat' dir='ltr'><strong>genere,</strong></span> <span class='ocrx_word' id='word_1_160' title='bbox 611 2505 644 2568; x_wconf 92' lang='lat' dir='ltr'><strong>et</strong></span> <span class='ocrx_word' id='word_1_161' title='bbox 663 2500 840 2587; x_wconf 83' lang='lat' dir='ltr'><strong>tragoediae</strong></span> <span class='ocrx_word' id='word_1_162' title='bbox 858 2499 1015 2585; x_wconf 93' lang='lat' dir='ltr'><strong>proxima</strong></span> <span class='ocrx_word' id='word_1_163' title='bbox 1029 2498 1176 2565; x_wconf 81' lang='lat' dir='ltr'><strong>excelsis</strong></span> <span class='ocrx_word' id='word_1_164' title='bbox 1191 2498 1382 2585; x_wconf 89' lang='lat' dir='ltr'><strong>generosis-</strong></span> 
     </span>
     <span class='ocr_line' id='line_1_21' title="bbox 170 2604 1385 2691; baseline 0 -20"><span class='ocrx_word' id='word_1_165' title='bbox 170 2625 237 2689; x_wconf 88' lang='lat' dir='ltr'><strong>que</strong></span> <span class='ocrx_word' id='word_1_166' title='bbox 252 2606 411 2672; x_wconf 86' lang='lat' dir='ltr'><strong>sensibus</strong></span> <span class='ocrx_word' id='word_1_167' title='bbox 425 2624 511 2691; x_wconf 91' lang='lat' dir='ltr'><strong>quos</strong></span> <span class='ocrx_word' id='word_1_168' title='bbox 528 2612 655 2685; x_wconf 88' lang='lat' dir='ltr'><strong>movet,</strong></span> <span class='ocrx_word' id='word_1_169' title='bbox 677 2610 710 2673; x_wconf 92' lang='lat' dir='ltr'><strong>et</strong></span> <span class='ocrx_word' id='word_1_170' title='bbox 724 2606 845 2673; x_wconf 89' lang='lat' dir='ltr'><strong>multis</strong></span> <span class='ocrx_word' id='word_1_171' title='bbox 864 2605 1021 2691; x_wconf 90' lang='lat' dir='ltr'><strong>partibus</strong></span> <span class='ocrx_word' id='word_1_172' title='bbox 1040 2604 1191 2683; x_wconf 89' lang='lat' dir='ltr'><strong>eximiis,</strong></span> <span class='ocrx_word' id='word_1_173' title='bbox 1214 2604 1385 2690; x_wconf 86' lang='lat' dir='ltr'><strong>disjuncta</strong></span> 
     </span>
     <span class='ocr_line' id='line_1_22' title="bbox 170 2710 1386 2798; baseline 0.001 -21"><span class='ocrx_word' id='word_1_174' title='bbox 170 2711 235 2777; x_wconf 85' lang='lat' dir='ltr'><strong>fuit</strong></span> <span class='ocrx_word' id='word_1_175' title='bbox 250 2711 364 2778; x_wconf 86' lang='lat' dir='ltr'><strong>fabula</strong></span> <span class='ocrx_word' id='word_1_176' title='bbox 386 2712 695 2798; x_wconf 68' lang='lat' dir='ltr'><strong>ceresiolo-Plau</strong></span> <span class='ocrx_word' id='word_1_177' title='bbox 715 2712 904 2793; x_wconf 88' lang='lat' dir='ltr'><strong>nominata,</strong></span> <span class='ocrx_word' id='word_1_178' title='bbox 921 2730 998 2797; x_wconf 90' lang='lat' dir='ltr'><strong>quae</strong></span> <span class='ocrx_word' id='word_1_179' title='bbox 1013 2710 1184 2796; x_wconf 75' lang='lat' dir='ltr'><strong>praecipue</strong></span> <span class='ocrx_word' id='word_1_180' title='bbox 1203 2713 1280 2778; x_wconf 91' lang='lat' dir='ltr'><strong>orta</strong></span> <span class='ocrx_word' id='word_1_181' title='bbox 1304 2713 1386 2778; x_wconf 91' lang='lat' dir='ltr'><strong>este</strong></span> 
     </span>
     <span class='ocr_line' id='line_1_23' title="bbox 170 2817 1387 2903; baseline 0.001 -21"><span class='ocrx_word' id='word_1_182' title='bbox 170 2817 356 2883; x_wconf 87' lang='lat' dir='ltr'><strong>iliraculis.</strong></span> <span class='ocrx_word' id='word_1_183' title='bbox 384 2818 485 2884; x_wconf 90' lang='lat' dir='ltr'><strong>Ponit</strong></span> <span class='ocrx_word' id='word_1_184' title='bbox 508 2819 601 2885; x_wconf 92' lang='lat' dir='ltr'><strong>enim</strong></span> <span class='ocrx_word' id='word_1_185' title='bbox 624 2824 702 2885; x_wconf 91' lang='lat' dir='ltr'><strong>ante</strong></span> <span class='ocrx_word' id='word_1_186' title='bbox 736 2818 965 2903; x_wconf 89' lang='lat' dir='ltr'><strong>spectantium</strong></span> <span class='ocrx_word' id='word_1_187' title='bbox 999 2818 1136 2896; x_wconf 91' lang='lat' dir='ltr'><strong>oculos,</strong></span> <span class='ocrx_word' id='word_1_188' title='bbox 1168 2835 1238 2883; x_wconf 89' lang='lat' dir='ltr'><strong>non</strong></span> <span class='ocrx_word' id='word_1_189' title='bbox 1268 2835 1387 2885; x_wconf 87' lang='lat' dir='ltr'><strong>casum</strong></span> 
     </span>
     <span class='ocr_line' id='line_1_24' title="bbox 169 2923 1388 3010; baseline 0.002 -22"><span class='ocrx_word' id='word_1_190' title='bbox 169 2941 280 2988; x_wconf 91' lang='lat' dir='ltr'><strong>unum</strong></span> <span class='ocrx_word' id='word_1_191' title='bbox 303 2923 357 2989; x_wconf 89' lang='lat' dir='ltr'><strong>vel</strong></span> <span class='ocrx_word' id='word_1_192' title='bbox 386 2923 524 3010; x_wconf 87' lang='lat' dir='ltr'><strong>singula</strong></span> <span class='ocrx_word' id='word_1_193' title='bbox 548 2928 682 3006; x_wconf 88' lang='lat' dir='ltr'><strong>eventa,</strong></span> <span class='ocrx_word' id='word_1_194' title='bbox 712 2924 933 3009; x_wconf 88' lang='lat' dir='ltr'><strong>potissimum</strong></span> <span class='ocrx_word' id='word_1_195' title='bbox 962 2926 1079 2990; x_wconf 91' lang='lat' dir='ltr'><strong>autem</strong></span> <span class='ocrx_word' id='word_1_196' title='bbox 1107 2923 1236 2989; x_wconf 87' lang='lat' dir='ltr'><strong>seriem</strong></span> <span class='ocrx_word' id='word_1_197' title='bbox 1270 2942 1388 2992; x_wconf 90' lang='lat' dir='ltr'><strong>rerum</strong></span> 
     </span>
     <span class='ocr_line' id='line_1_25' title="bbox 169 3028 1386 3118; baseline 0.004 -25"><span class='ocrx_word' id='word_1_198' title='bbox 169 3028 343 3095; x_wconf 88' lang='lat' dir='ltr'><strong>notatione</strong></span> <span class='ocrx_word' id='word_1_199' title='bbox 365 3029 553 3116; x_wconf 89' lang='lat' dir='ltr'><strong>dignarum</strong></span> <span class='ocrx_word' id='word_1_200' title='bbox 568 3049 647 3116; x_wconf 88' lang='lat' dir='ltr'><strong>quae</strong></span> <span class='ocrx_word' id='word_1_201' title='bbox 672 3049 753 3118; x_wconf 89' lang='lat' dir='ltr'><strong>rege</strong></span> <span class='ocrx_word' id='word_1_202' title='bbox 769 3031 919 3115; x_wconf 94' lang='lat' dir='ltr'><strong>quodam</strong></span> <span class='ocrx_word' id='word_1_203' title='bbox 943 3031 1111 3116; x_wconf 89' lang='lat' dir='ltr'><strong>regnante</strong></span> <span class='ocrx_word' id='word_1_204' title='bbox 1139 3029 1272 3095; x_wconf 85' lang='lat' dir='ltr'><strong>obertae</strong></span> <span class='ocrx_word' id='word_1_205' title='bbox 1293 3033 1386 3110; x_wconf 89' lang='lat' dir='ltr'><strong>sunt,</strong></span> 
     </span>
     <span class='ocr_line' id='line_1_26' title="bbox 169 3134 1391 3223; baseline 0.003 -22"><span class='ocrx_word' id='word_1_206' title='bbox 169 3135 222 3201; x_wconf 86' lang='lat' dir='ltr'><strong>vel</strong></span> <span class='ocrx_word' id='word_1_207' title='bbox 237 3135 372 3202; x_wconf 84' lang='lat' dir='ltr'><strong>traditae</strong></span> <span class='ocrx_word' id='word_1_208' title='bbox 387 3134 527 3203; x_wconf 87' lang='lat' dir='ltr'><strong>suerunt</strong></span> <span class='ocrx_word' id='word_1_209' title='bbox 541 3136 655 3203; x_wconf 88' lang='lat' dir='ltr'><strong>fabula</strong></span> <span class='ocrx_word' id='word_1_210' title='bbox 666 3155 774 3221; x_wconf 92' lang='lat' dir='ltr'><strong>quum</strong></span> <span class='ocrx_word' id='word_1_211' title='bbox 789 3136 938 3223; x_wconf 88' lang='lat' dir='ltr'><strong>vulgari,</strong></span> <span class='ocrx_word' id='word_1_212' title='bbox 956 3138 1030 3203; x_wconf 83' lang='lat' dir='ltr'><strong>tu&#39;m</strong></span> <span class='ocrx_word' id='word_1_213' title='bbox 1045 3134 1286 3203; x_wconf 90' lang='lat' dir='ltr'><strong>commentitia</strong></span> <span class='ocrx_word' id='word_1_214' title='bbox 1301 3136 1391 3205; x_wconf 84' lang='lat' dir='ltr'><strong>iacta</strong></span> 
     </span>
     <span class='ocr_line' id='line_1_27' title="bbox 169 3242 1391 3329; baseline 0.003 -23"><span class='ocrx_word' id='word_1_215' title='bbox 169 3242 307 3329; x_wconf 82' lang='lat' dir='ltr'><strong>egregie</strong></span> <span class='ocrx_word' id='word_1_216' title='bbox 317 3242 359 3308; x_wconf 94' lang='lat' dir='ltr'><strong>ab</strong></span> <span class='ocrx_word' id='word_1_217' title='bbox 370 3242 545 3327; x_wconf 88' lang='lat' dir='ltr'><strong>equitibus</strong></span> <span class='ocrx_word' id='word_1_218' title='bbox 557 3244 671 3308; x_wconf 90' lang='lat' dir='ltr'><strong>medio</strong></span> <span class='ocrx_word' id='word_1_219' title='bbox 685 3260 757 3309; x_wconf 87' lang='lat' dir='ltr'><strong>aevo</strong></span> <span class='ocrx_word' id='word_1_220' title='bbox 772 3245 869 3329; x_wconf 87' lang='lat' dir='ltr'><strong>gesta</strong></span> <span class='ocrx_word' id='word_1_221' title='bbox 885 3243 1110 3308; x_wconf 90' lang='lat' dir='ltr'><strong>memorante.</strong></span> <span class='ocrx_word' id='word_1_222' title='bbox 1127 3242 1391 3327; x_wconf 91' lang='lat' dir='ltr'><strong>Nonnunquam</strong></span> 
     </span>
     <span class='ocr_line' id='line_1_28' title="bbox 169 3347 1388 3437; baseline 0.002 -23"><span class='ocrx_word' id='word_1_223' title='bbox 169 3367 303 3433; x_wconf 91' lang='lat' dir='ltr'><strong>quoque</strong></span> <span class='ocrx_word' id='word_1_224' title='bbox 320 3349 473 3437; x_wconf 89' lang='lat' dir='ltr'><strong>insignia</strong></span> <span class='ocrx_word' id='word_1_225' title='bbox 493 3349 581 3416; x_wconf 85' lang='lat' dir='ltr'><strong>iacta</strong></span> <span class='ocrx_word' id='word_1_226' title='bbox 601 3349 773 3416; x_wconf 86' lang='lat' dir='ltr'><strong>clarorum</strong></span> <span class='ocrx_word' id='word_1_227' title='bbox 792 3349 948 3415; x_wconf 90' lang='lat' dir='ltr'><strong>virorum</strong></span> <span class='ocrx_word' id='word_1_228' title='bbox 967 3352 1027 3415; x_wconf 92' lang='lat' dir='ltr'><strong>ant</strong></span> <span class='ocrx_word' id='word_1_229' title='bbox 1052 3347 1200 3413; x_wconf 88' lang='lat' dir='ltr'><strong>heroum</strong></span> <span class='ocrx_word' id='word_1_230' title='bbox 1224 3349 1388 3433; x_wconf 89' lang='lat' dir='ltr'><strong>explicat.</strong></span> 
     </span>
     <span class='ocr_line' id='line_1_29' title="bbox 169 3451 1388 3542; baseline 0 -22"><span class='ocrx_word' id='word_1_231' title='bbox 169 3455 198 3520; x_wconf 88' lang='lat' dir='ltr'><strong>A</strong></span> <span class='ocrx_word' id='word_1_232' title='bbox 213 3455 348 3521; x_wconf 91' lang='lat' dir='ltr'><strong>duobus</strong></span> <span class='ocrx_word' id='word_1_233' title='bbox 362 3455 549 3542; x_wconf 91' lang='lat' dir='ltr'><strong>generibus</strong></span> <span class='ocrx_word' id='word_1_234' title='bbox 567 3454 637 3520; x_wconf 92' lang='lat' dir='ltr'><strong>illis</strong></span> <span class='ocrx_word' id='word_1_235' title='bbox 660 3456 840 3540; x_wconf 89' lang='lat' dir='ltr'><strong>segregata</strong></span> <span class='ocrx_word' id='word_1_236' title='bbox 859 3471 996 3538; x_wconf 90' lang='lat' dir='ltr'><strong>quoque</strong></span> <span class='ocrx_word' id='word_1_237' title='bbox 1011 3451 1151 3518; x_wconf 82' lang='lat' dir='ltr'><strong>fuerunt</strong></span> <span class='ocrx_word' id='word_1_238' title='bbox 1165 3451 1200 3516; x_wconf 89' lang='lat' dir='ltr'><strong>et</strong></span> <span class='ocrx_word' id='word_1_239' title='bbox 1214 3452 1388 3536; x_wconf 89' lang='lat' dir='ltr'><strong>proxime,</strong></span> 
     </span>
     <span class='ocr_line' id='line_1_30' title="bbox 169 3559 1390 3649; baseline 0.002 -23"><span class='ocrx_word' id='word_1_240' title='bbox 169 3560 313 3627; x_wconf 87' lang='lat' dir='ltr'><strong>inferius</strong></span> <span class='ocrx_word' id='word_1_241' title='bbox 327 3564 455 3641; x_wconf 92' lang='lat' dir='ltr'><strong>autem,</strong></span> <span class='ocrx_word' id='word_1_242' title='bbox 482 3561 526 3626; x_wconf 92' lang='lat' dir='ltr'><strong>iis</strong></span> <span class='ocrx_word' id='word_1_243' title='bbox 546 3561 747 3645; x_wconf 89' lang='lat' dir='ltr'><strong>apponenda</strong></span> <span class='ocrx_word' id='word_1_244' title='bbox 765 3562 846 3625; x_wconf 91' lang='lat' dir='ltr'><strong>sunt</strong></span> <span class='ocrx_word' id='word_1_245' title='bbox 864 3577 991 3645; x_wconf 88' lang='lat' dir='ltr'><strong>genera</strong></span> <span class='ocrx_word' id='word_1_246' title='bbox 1005 3559 1189 3627; x_wconf 84' lang='lat' dir='ltr'><strong>Domestic</strong></span> <span class='ocrx_word' id='word_1_247' title='bbox 1212 3562 1390 3649; x_wconf 76' lang='lat' dir='ltr'><strong>Tragedy</strong></span> 
     </span>
     <span class='ocr_line' id='line_1_31' title="bbox 155 3655 1389 3752; baseline 0.003 -20"><span class='ocrx_word' id='word_1_248' title='bbox 155 3655 202 3732; x_wconf 66' lang='lat' dir='ltr'><strong>⁵et</strong></span> <span class='ocrx_word' id='word_1_249' title='bbox 224 3667 393 3752; x_wconf 77' lang='lat' dir='ltr'><strong>Treqedy</strong></span> <span class='ocrx_word' id='word_1_250' title='bbox 409 3666 452 3752; x_wconf 77' lang='lat' dir='ltr'><strong>of</strong></span> <span class='ocrx_word' id='word_1_251' title='bbox 470 3667 588 3733; x_wconf 85' lang='lat' dir='ltr'><strong>Blood</strong></span> <span class='ocrx_word' id='word_1_252' title='bbox 608 3666 710 3745; x_wconf 90' lang='lat' dir='ltr'><strong>dicta,</strong></span> <span class='ocrx_word' id='word_1_253' title='bbox 732 3684 810 3751; x_wconf 89' lang='lat' dir='ltr'><strong>quae</strong></span> <span class='ocrx_word' id='word_1_254' title='bbox 824 3665 914 3731; x_wconf 87' lang='lat' dir='ltr'><strong>inter</strong></span> <span class='ocrx_word' id='word_1_255' title='bbox 933 3683 969 3731; x_wconf 90' lang='lat' dir='ltr'><strong>se</strong></span> <span class='ocrx_word' id='word_1_256' title='bbox 988 3665 1108 3732; x_wconf 90' lang='lat' dir='ltr'><strong>multis</strong></span> <span class='ocrx_word' id='word_1_257' title='bbox 1123 3666 1284 3750; x_wconf 91' lang='lat' dir='ltr'><strong>partibus</strong></span> <span class='ocrx_word' id='word_1_258' title='bbox 1305 3686 1389 3736; x_wconf 91' lang='lat' dir='ltr'><strong>con·</strong></span> 
     </span>
     <span class='ocr_line' id='line_1_32' title="bbox 168 3771 1390 3857; baseline 0.002 -19"><span class='ocrx_word' id='word_1_259' title='bbox 168 3771 353 3853; x_wconf 89' lang='lat' dir='ltr'><strong>currentia,</strong></span> <span class='ocrx_word' id='word_1_260' title='bbox 373 3772 409 3838; x_wconf 92' lang='lat' dir='ltr'><strong>in</strong></span> <span class='ocrx_word' id='word_1_261' title='bbox 424 3789 534 3838; x_wconf 91' lang='lat' dir='ltr'><strong>unum</strong></span> <span class='ocrx_word' id='word_1_262' title='bbox 559 3790 649 3857; x_wconf 89' lang='lat' dir='ltr'><strong>saepe</strong></span> <span class='ocrx_word' id='word_1_263' title='bbox 672 3772 873 3853; x_wconf 87' lang='lat' dir='ltr'><strong>miscentur,</strong></span> <span class='ocrx_word' id='word_1_264' title='bbox 891 3773 936 3851; x_wconf 92' lang='lat' dir='ltr'><strong>et,</strong></span> <span class='ocrx_word' id='word_1_265' title='bbox 958 3773 996 3838; x_wconf 90' lang='lat' dir='ltr'><strong>ut</strong></span> <span class='ocrx_word' id='word_1_266' title='bbox 1018 3790 1140 3838; x_wconf 88' lang='lat' dir='ltr'><strong>verum</strong></span> <span class='ocrx_word' id='word_1_267' title='bbox 1164 3771 1295 3853; x_wconf 93' lang='lat' dir='ltr'><strong>dicam,</strong></span> <span class='ocrx_word' id='word_1_268' title='bbox 1317 3791 1390 3841; x_wconf 92' lang='lat' dir='ltr'><strong>non</strong></span> 
     </span>
     <span class='ocr_line' id='line_1_33' title="bbox 168 3876 1390 3964; baseline 0.004 -22"><span class='ocrx_word' id='word_1_269' title='bbox 168 3876 235 3943; x_wconf 88' lang='lat' dir='ltr'><strong>alia</strong></span> <span class='ocrx_word' id='word_1_270' title='bbox 251 3879 332 3942; x_wconf 89' lang='lat' dir='ltr'><strong>sunt</strong></span> <span class='ocrx_word' id='word_1_271' title='bbox 347 3895 386 3944; x_wconf 92' lang='lat' dir='ltr'><strong>ac</strong></span> <span class='ocrx_word' id='word_1_272' title='bbox 399 3877 518 3944; x_wconf 88' lang='lat' dir='ltr'><strong>formae</strong></span> <span class='ocrx_word' id='word_1_273' title='bbox 532 3877 785 3963; x_wconf 87' lang='lat' dir='ltr'><strong>antiquissimae</strong></span> <span class='ocrx_word' id='word_1_274' title='bbox 801 3877 998 3944; x_wconf 83' lang='lat' dir='ltr'><strong>fabularum</strong></span> <span class='ocrx_word' id='word_1_275' title='bbox 1011 3878 1137 3964; x_wconf 90' lang='lat' dir='ltr'><strong>quibus</strong></span> <span class='ocrx_word' id='word_1_276' title='bbox 1153 3878 1390 3947; x_wconf 84' lang='lat' dir='ltr'><strong>meledrame</strong></span> 
     </span>
     <span class='ocr_line' id='line_1_34' title="bbox 168 3983 642 4067; baseline 0.004 -20"><span class='ocrx_word' id='word_1_277' title='bbox 168 3999 295 4049; x_wconf 89' lang='lat' dir='ltr'><strong>nomen</strong></span> <span class='ocrx_word' id='word_1_278' title='bbox 310 3983 401 4067; x_wconf 89' lang='lat' dir='ltr'><strong>apud</strong></span> <span class='ocrx_word' id='word_1_279' title='bbox 420 3983 642 4050; x_wconf 90' lang='lat' dir='ltr'><strong>recentiores.</strong></span> 
     </span>
    </p>

    <p class='ocr_par' dir='ltr' id='par_1_4' title="bbox 166 4088 1390 4707">
     <span class='ocr_line' id='line_1_35' title="bbox 212 4088 1390 4174; baseline 0.005 -20"><span class='ocrx_word' id='word_1_280' title='bbox 212 4089 344 4156; x_wconf 87' lang='lat' dir='ltr'><strong>Genera</strong></span> <span class='ocrx_word' id='word_1_281' title='bbox 355 4088 427 4168; x_wconf 89' lang='lat' dir='ltr'><strong>illa,</strong></span> <span class='ocrx_word' id='word_1_282' title='bbox 444 4107 670 4174; x_wconf 88' lang='lat' dir='ltr'><strong>quaecumque</strong></span> <span class='ocrx_word' id='word_1_283' title='bbox 685 4091 737 4155; x_wconf 91' lang='lat' dir='ltr'><strong>est</strong></span> <span class='ocrx_word' id='word_1_284' title='bbox 750 4088 865 4156; x_wconf 84' lang='lat' dir='ltr'><strong>fabula</strong></span> <span class='ocrx_word' id='word_1_285' title='bbox 881 4089 917 4156; x_wconf 93' lang='lat' dir='ltr'><strong>in</strong></span> <span class='ocrx_word' id='word_1_286' title='bbox 931 4107 1071 4157; x_wconf 90' lang='lat' dir='ltr'><strong>scenam</strong></span> <span class='ocrx_word' id='word_1_287' title='bbox 1089 4088 1243 4169; x_wconf 89' lang='lat' dir='ltr'><strong>inducta,</strong></span> <span class='ocrx_word' id='word_1_288' title='bbox 1260 4089 1390 4160; x_wconf 87' lang='lat' dir='ltr'><strong>eodem</strong></span> 
     </span>
     <span class='ocr_line' id='line_1_36' title="bbox 169 4194 1384 4281; baseline 0.005 -22"><span class='ocrx_word' id='word_1_289' title='bbox 169 4194 283 4262; x_wconf 88' lang='lat' dir='ltr'><strong>studio</strong></span> <span class='ocrx_word' id='word_1_290' title='bbox 301 4195 494 4279; x_wconf 89' lang='lat' dir='ltr'><strong>iisdemque</strong></span> <span class='ocrx_word' id='word_1_291' title='bbox 517 4195 728 4262; x_wconf 90' lang='lat' dir='ltr'><strong>clamoribus</strong></span> <span class='ocrx_word' id='word_1_292' title='bbox 752 4195 1021 4281; x_wconf 87' lang='lat' dir='ltr'><strong>excipiebantur.</strong></span> <span class='ocrx_word' id='word_1_293' title='bbox 1043 4195 1091 4277; x_wconf 89' lang='lat' dir='ltr'><strong>Si,</strong></span> <span class='ocrx_word' id='word_1_294' title='bbox 1112 4195 1166 4263; x_wconf 90' lang='lat' dir='ltr'><strong>vel</strong></span> <span class='ocrx_word' id='word_1_295' title='bbox 1182 4196 1384 4280; x_wconf 91' lang='lat' dir='ltr'><strong>paululum,</strong></span> 
     </span>
     <span class='ocr_line' id='line_1_37' title="bbox 169 4288 1388 4388; baseline 0.004 -23"><span class='ocrx_word' id='word_1_296' title='bbox 169 4299 199 4366; x_wconf 89' lang='lat' dir='ltr'><strong>is</strong></span> <span class='ocrx_word' id='word_1_297' title='bbox 214 4300 274 4383; x_wconf 93' lang='lat' dir='ltr'><strong>qui</strong></span> <span class='ocrx_word' id='word_1_298' title='bbox 289 4302 459 4368; x_wconf 85' lang='lat' dir='ltr'><strong>scribebat</strong></span> <span class='ocrx_word' id='word_1_299' title='bbox 482 4301 622 4368; x_wconf 89' lang='lat' dir='ltr'><strong>calleret</strong></span> <span class='ocrx_word' id='word_1_300' title='bbox 643 4288 682 4368; x_wconf 86' lang='lat' dir='ltr'><strong>in</strong></span> <span class='ocrx_word' id='word_1_301' title='bbox 704 4302 807 4369; x_wconf 90' lang='lat' dir='ltr'><strong>rebus</strong></span> <span class='ocrx_word' id='word_1_302' title='bbox 830 4303 975 4388; x_wconf 89' lang='lat' dir='ltr'><strong>agendis</strong></span> <span class='ocrx_word' id='word_1_303' title='bbox 994 4304 1027 4368; x_wconf 90' lang='lat' dir='ltr'><strong>et</strong></span> <span class='ocrx_word' id='word_1_304' title='bbox 1045 4301 1082 4368; x_wconf 90' lang='lat' dir='ltr'><strong>in</strong></span> <span class='ocrx_word' id='word_1_305' title='bbox 1100 4301 1209 4368; x_wconf 92' lang='lat' dir='ltr'><strong>animi</strong></span> <span class='ocrx_word' id='word_1_306' title='bbox 1226 4303 1388 4370; x_wconf 91' lang='lat' dir='ltr'><strong>motibus</strong></span> 
     </span>
     <span class='ocr_line' id='line_1_38' title="bbox 168 4404 1387 4492; baseline 0.004 -20"><span class='ocrx_word' id='word_1_307' title='bbox 168 4406 227 4489; x_wconf 91' lang='lat' dir='ltr'><strong>qui</strong></span> <span class='ocrx_word' id='word_1_308' title='bbox 255 4411 447 4490; x_wconf 90' lang='lat' dir='ltr'><strong>spectantes</strong></span> <span class='ocrx_word' id='word_1_309' title='bbox 475 4407 739 4476; x_wconf 89' lang='lat' dir='ltr'><strong>inflammabant</strong></span> <span class='ocrx_word' id='word_1_310' title='bbox 763 4408 1009 4492; x_wconf 91' lang='lat' dir='ltr'><strong>exprimendis,</strong></span> <span class='ocrx_word' id='word_1_311' title='bbox 1040 4409 1133 4474; x_wconf 91' lang='lat' dir='ltr'><strong>certa</strong></span> <span class='ocrx_word' id='word_1_312' title='bbox 1157 4408 1230 4472; x_wconf 90' lang='lat' dir='ltr'><strong>erat</strong></span> <span class='ocrx_word' id='word_1_313' title='bbox 1253 4404 1387 4477; x_wconf 86' lang='lat' dir='ltr'><strong>fabulae</strong></span> 
     </span>
     <span class='ocr_line' id='line_1_39' title="bbox 166 4511 1384 4599; baseline 0.004 -22"><span class='ocrx_word' id='word_1_314' title='bbox 166 4530 330 4598; x_wconf 89' lang='lat' dir='ltr'><strong>prospera</strong></span> <span class='ocrx_word' id='word_1_315' title='bbox 345 4512 494 4581; x_wconf 72' lang='lat' dir='ltr'><strong>fortuna.</strong></span> <span class='ocrx_word' id='word_1_316' title='bbox 512 4514 654 4579; x_wconf 88' lang='lat' dir='ltr'><strong>Illorum</strong></span> <span class='ocrx_word' id='word_1_317' title='bbox 669 4516 865 4598; x_wconf 91' lang='lat' dir='ltr'><strong>temporum</strong></span> <span class='ocrx_word' id='word_1_318' title='bbox 879 4515 1028 4599; x_wconf 88' lang='lat' dir='ltr'><strong>aequales</strong></span> <span class='ocrx_word' id='word_1_319' title='bbox 1047 4531 1115 4579; x_wconf 94' lang='lat' dir='ltr'><strong>non</strong></span> <span class='ocrx_word' id='word_1_320' title='bbox 1134 4511 1253 4578; x_wconf 92' lang='lat' dir='ltr'><strong>minus</strong></span> <span class='ocrx_word' id='word_1_321' title='bbox 1272 4532 1384 4597; x_wconf 92' lang='lat' dir='ltr'><strong>quam</strong></span> 
     </span>
     <span class='ocr_line' id='line_1_40' title="bbox 167 4617 1382 4707; baseline 0.001 -20"><span class='ocrx_word' id='word_1_322' title='bbox 167 4636 286 4687; x_wconf 90' lang='lat' dir='ltr'><strong>eorum</strong></span> <span class='ocrx_word' id='word_1_323' title='bbox 310 4618 457 4706; x_wconf 88' lang='lat' dir='ltr'><strong>majores</strong></span> <span class='ocrx_word' id='word_1_324' title='bbox 481 4620 685 4707; x_wconf 87' lang='lat' dir='ltr'><strong>spectaculis</strong></span> <span class='ocrx_word' id='word_1_325' title='bbox 709 4620 980 4688; x_wconf 89' lang='lat' dir='ltr'><strong>delectabantur.</strong></span> <span class='ocrx_word' id='word_1_326' title='bbox 1007 4617 1147 4689; x_wconf 85' lang='lat' dir='ltr'><strong>Fabulae</strong></span> <span class='ocrx_word' id='word_1_327' title='bbox 1168 4618 1285 4685; x_wconf 87' lang='lat' dir='ltr'><strong>autem</strong></span> <span class='ocrx_word' id='word_1_328' title='bbox 1309 4637 1382 4688; x_wconf 91' lang='lat' dir='ltr'><strong>non</strong></span> 
     </span>
    </p>
   </div>
   <div class='ocr_carea' id='block_1_3' title="bbox 0 0 1564 5474">
    <p class='ocr_par' dir='ltr' id='par_1_5' title="bbox 0 0 1564 5474">
     <span class='ocr_line' id='line_1_41' title="bbox 0 0 1564 5474; baseline 0 0"><span class='ocrx_word' id='word_1_329' title='bbox 0 0 1564 5474; x_wconf 95' lang='lat' dir='ltr'><strong> </strong></span> 
     </span>
    </p>
   </div>
  </div>
 </body>
</html>
