3120 5474
710 418 867 484 „62-

180 587 340 676 quamvls
369 610 460 657 uuus
481 610 499 657 e
519 590 631 657 tribus
653 590 853 658 auctoribus
878 588 1047 657 lacessitis
1070 594 1174 670 esset,
1196 594 1229 657 et
1247 591 1321 658 sorte
1337 589 1367 655 eb

179 717 256 765 eam
270 718 424 781 causam,
437 699 528 786 quod
545 700 682 784 parcius
693 702 726 765 el
742 699 855 766 lenius
870 698 950 766 aliis
965 699 1063 766 lusus
1078 701 1164 765 erat.
1177 698 1277 776 Nasb,
1289 701 1367 763 notus

180 806 310 873 satirici
336 806 503 874 carminis
531 804 693 889 scriptor,
720 823 787 872 non
811 809 886 871 orat
914 805 1027 890 isqui
1056 808 1250 872 commotus
1272 802 1369 869 luisset

179 912 400 991 clamoribus,
419 914 448 978 si
467 931 540 979 rem
556 914 801 979 commisisset.
814 914 908 979 llanc
919 916 1035 979 autem
1047 914 1117 977 tam
1131 911 1336 978 vehementer
1346 914 1369 975 et

179 1018 322 1105 indigna
338 1020 428 1105 opud
445 1019 649 1104 proaemium
665 1019 771 1085 libelli
792 1018 845 1084 sui
862 1019 992 1085 Pierce
1007 1018 1219 1085 Peonitesse
1240 1016 1368 1103 inscripti

177 1124 328 1211 negarit,
352 1130 389 1192 ut
404 1125 515 1193 lacere
530 1143 597 1193 non
614 1126 745 1213 possim
760 1126 845 1211 quin
859 1125 890 1192 ei
908 1124 1011 1193 fidem
1027 1123 1232 1213 adjungam.

219 1307 345 1371 «Other
361 1327 462 1385 news,
474 1308 578 1388 inquit
589 1308 691 1385 Nash,
710 1311 787 1370 lem
797 1305 975 1369 advertised
987 1304 1029 1386 ol,
1046 1307 1115 1368 that
1130 1326 1150 1369 a
1165 1306 1260 1380 scald,
1276 1306 1369 1383 trivial‚

176 1405 266 1487 lying
279 1406 440 1488 pamphlet
454 1406 553 1468 called
569 1406 722 1467 Greene’s
742 1406 972 1467 Groatswortlr
987 1408 1028 1485 os
1045 1404 1126 1483 Wit,
1144 1406 1173 1467 is
1187 1405 1280 1486 given
1294 1412 1369 1466 culto

176 1503 214 1565 be
242 1502 277 1565 ol
302 1524 354 1583 my
383 1503 490 1584 doing.
519 1504 588 1565 God
615 1524 713 1565 never
735 1504 818 1565 have
841 1522 915 1564 care
945 1501 979 1564 ol
1005 1523 1058 1582 my
1086 1505 1170 1575 seul,
1200 1503 1254 1565 but
1278 1501 1372 1580 utterly

177 1620 339 1665 renounce
356 1622 417 1679 me,
439 1600 464 1661 ii
480 1602 531 1663 the
548 1603 628 1663 least
646 1601 735 1664 word
754 1620 791 1663 or
808 1601 946 1679 syllable,
962 1600 1035 1662 init
1057 1600 1230 1676 proceeded
1244 1599 1318 1663 lrom
1331 1618 1371 1685 my

176 1719 250 1783 pen,
262 1718 299 1762 or
314 1698 340 1760 if
353 1702 365 1761 l
376 1719 463 1761 were
477 1700 511 1761 in
525 1720 588 1780 any
601 1721 672 1780 way
687 1700 779 1781 privy
794 1708 825 1761 to
841 1700 893 1760 the
907 1698 1039 1779 writing
1053 1717 1090 1760 or
1104 1700 1250 1781 printing
1263 1697 1296 1763 ol
1303 1695 1370 1760 iu.»

220 1894 385 1977 Quamvis
400 1893 492 1961 Nash
508 1892 581 1979 ipse
601 1893 755 1978 primum
776 1892 967 1959 dubitasset
991 1909 1034 1958 an
1059 1892 1214 1958 Greenus
1238 1891 1376 1958 libellum

176 2002 370 2087 scripserit,
387 2001 490 2068 ardor
510 2019 613 2086 quem
639 2019 710 2086 prae
734 2019 770 2067 se
794 1999 874 2067 tulit
895 1998 1054 2085 negando
1080 2017 1116 2064 se
1141 1998 1243 2065 illum
1261 2015 1379 2082 compe

175 2109 299 2187 sulsse,
317 2112 350 2175 et
371 2106 528 2174 tllrettelli
553 2108 678 2185 oratio,
705 2105 898 2191 perplexior
921 2108 1037 2171 tamen
1061 2122 1169 2189 quam
1193 2103 1378 2179 dilucidior,

175 2215 326 2300 primam
346 2215 580 2301 suspicionem
604 2214 806 2281 levaverunt
829 2217 863 2279 et
886 2213 1009 2280 exinde
1033 2215 1209 2300 vulgatior
1233 2213 1322 2281 lama
1340 2215 1383 2281 est

175 2322 332 2388 libellum
348 2341 366 2388 a
381 2322 513 2388 Greeno
526 2320 720 2388 conlectum
732 2319 852 2386 fuisse.
865 2319 930 2387 Sed
941 2320 1120 2405 quoniam,
1133 2319 1383 2406 circumspectis

175 2427 279 2494 rebus
294 2428 457 2494 omnibus
471 2427 732 2512 rationibusque
747 2426 939 2504 subductis,
957 2427 1165 2493 sententiam
1181 2427 1279 2493 illam
1298 2426 1386 2512 sequi

175 2551 244 2600 non
259 2551 400 2618 possum
416 2538 450 2600 et
467 2553 522 2600 res
537 2535 579 2601 ad
601 2533 754 2600 Marlovii
774 2533 978 2600 memoriam
1002 2551 1214 2620 magnopere
1239 2533 1385 2612 interest,

176 2637 264 2704 milri
280 2656 419 2705 necesse
440 2643 492 2705 est
508 2638 632 2725 judicii
651 2640 720 2705 mel
740 2640 911 2705 rationem
930 2637 1086 2719 afferam,
1109 2657 1220 2724 quum
1242 2640 1388 2707 alienum

174 2744 367 2830 repudiem.

219 2852 294 2917 Non
314 2849 563 2917 solertissimus
588 2851 623 2916 in
644 2853 718 2918 arte
737 2849 910 2917 scribendi
933 2849 1068 2917 labulas
1094 2869 1172 2936 quae
1195 2851 1234 2919 in
1254 2870 1390 2920 scenam

174 2957 398 3036 inducuntur,
429 2957 663 3043 peritissimus
691 2961 808 3024 autem
837 2976 945 3043 quum
973 2957 1107 3025 fabulas
1131 2960 1392 3026 commenticias

173 3064 335 3150 fingeret,
362 3065 533 3132 Robertus
556 3065 709 3131 Greenus
735 3082 825 3130 unus
856 3069 972 3131 tamen
1006 3064 1072 3131 suit
1097 3083 1116 3130 e
1140 3065 1391 3150 scriptoribus

173 3174 256 3238 tunc
271 3175 370 3240 aetate
386 3171 601 3253 florentibus,
619 3170 679 3256 qui
695 3189 834 3237 scenam
852 3175 1061 3239 renovarunt
1075 3176 1109 3239 et
1128 3171 1281 3258 gloriam
1300 3191 1393 3239 com·

172 3282 381 3364 paraverunt
409 3298 450 3345 ex
479 3278 640 3345 omnibus
669 3277 841 3344 scribendi
874 3278 1062 3365 generibus
1090 3296 1168 3363 quae
1197 3280 1391 3346 coluerunt.

172 3386 382 3452 Numeratur
396 3387 500 3453 etiam
517 3387 606 3453 inter
628 3385 881 3453 celeberrimos.
904 3384 1049 3451 Nervico
1076 3382 1264 3473 (Norwich)
1291 3389 1395 3452 natus

171 3495 224 3558 est
247 3492 337 3560 circa
366 3511 497 3560 annum
526 3492 755 3559 millesimum
777 3491 1099 3578 quingentesimum
1132 3492 1394 3578 sexagesimum

172 3597 290 3684 (1560)
315 3603 349 3666 et
376 3599 718 3687 cantabrigiensibus
743 3599 904 3675 Athenis,
930 3601 969 3664 ut
996 3597 1195 3676 nlarlovlus,
1224 3597 1394 3665 educatus

169 3704 248 3772 luit.
270 3706 467 3773 Bacalarlus
482 3707 610 3773 artium
630 3705 741 3772 lactus
755 3709 807 3772 est
826 3724 935 3792 quum
960 3703 1139 3790 Gymnasii
1163 3703 1219 3770 cui
1243 3704 1393 3771 Sanctus

169 3810 342 3877 Johannes
370 3829 496 3877 nomen
525 3813 717 3897 discipulus
747 3816 862 3891 esset,
897 3829 987 3877 anno
1010 3809 1197 3876 millesimo
1222 3811 1394 3898 quingen-

170 3916 294 3982 tesimo
310 3919 565 4004 septuagesimo
580 3924 698 3985 octavo
712 3918 838 4007 (1578),
855 3936 873 3984 e
903 3916 1066 4003 blagister
1081 3916 1211 3982 artium
1228 3935 1340 4001 quum
1356 3918 1391 3984 in

168 4024 355 4110 Gymnaslo
370 4024 536 4091 Clarelrall
549 4029 667 4092 vocato
685 4024 903 4103 formaretur,
917 4042 1006 4090 anno
1023 4021 1210 4090 millesimo
1221 4023 1392 4110 quingen-

167 4128 292 4197 tesimo
313 4129 523 4219 octogesimo
543 4131 643 4198 tertio
671 4131 798 4219 (1583).
824 4133 955 4197 Interea
983 4130 1049 4195 iter
1074 4129 1258 4216 ingressus
1277 4132 1331 4196 est
1354 4129 1390 4196 in

167 4235 552 4324 diversasEuropenses
563 4240 684 4318 terras,
696 4241 729 4303 et
740 4235 1101 4322 Hispaniam,ltaliam
1113 4234 1270 4320 aliasque
1281 4236 1389 4322 regio-

168 4359 230 4408 nes
253 4342 425 4411 lustravit.
443 4347 482 4411 ln
497 4344 708 4412 Oxonienses
722 4345 877 4411 Athenas
896 4346 1073 4428 coaptatus
1093 4359 1183 4407 auno
1200 4342 1386 4408 millesimo

168 4449 447 4536 quingentesimo
458 4451 713 4538 septuagesimo
729 4451 875 4536 septimo
887 4449 1014 4538 (1578),
1032 4447 1192 4515 sacerdos
1207 4448 1385 4515 ordinatus

167 4554 233 4624 fuit
247 4560 281 4622 et
294 4557 499 4625 Tollesburil
516 4556 741 4643 (Tollesbury)
759 4558 938 4644 presbyter
951 4556 1154 4643 designatus
1170 4573 1262 4623 anno
1278 4554 1385 4623 mille-

198 4766 208 4807 ¹
223 4766 454 4831 dunsten-Rom,
467 4768 531 4820 Part
543 4768 562 4828 1,
581 4781 625 4834 pp.
640 4780 776 4819 surr-mv.
