3120 5474
781 388 938 452 42..

256 569 423 637 studiosis
438 567 706 655 prohibebantur
726 580 771 630 ne
785 560 980 629 fabularum
1002 562 1206 647 argumenta
1222 576 1240 624 e
1260 559 1464 644 quibusdam

255 676 447 764 patriarum
468 675 661 741 litterarum
685 669 842 756 partibus
859 666 1051 744 haurirent,
1069 684 1160 749 saepe
1182 665 1379 744 materiam,
1396 682 1466 749 per·

256 801 358 850 sonas
373 782 478 848 etiam
494 779 669 864 animique
685 794 807 844 sensus
822 773 972 859 quodam
987 772 1024 838 in
1040 771 1141 838 modo
1156 790 1197 837 ex
1212 770 1339 837 alienis
1359 788 1470 855 sump

256 890 388 954 serunt.
406 885 635 969 Quamobrem
650 883 686 948 in
697 880 890 967 periculum
903 881 1072 945 venerunt
1086 896 1130 944 ne
1145 879 1327 944 uterentur
1341 876 1470 944 artibus

256 991 516 1076 rationibusque
535 990 691 1058 moribus
706 991 739 1054 et
753 986 893 1073 ingenio
911 984 1154 1051 Britannorum
1176 1002 1245 1051 non
1266 981 1472 1052 convenien-

256 1097 362 1164 tibus.

301 1203 499 1270 Periculum
522 1202 638 1267 tamen
653 1201 789 1267 tantum
804 1215 873 1263 non
890 1194 956 1263 suit
979 1198 1148 1281 quantum
1165 1194 1274 1263 videri
1290 1195 1472 1281 potuisset.

257 1309 387 1394 Quippe
397 1309 456 1395 qui
472 1325 548 1374 sese
558 1306 711 1393 diligunt
726 1305 759 1370 et
769 1303 857 1369 elato
868 1304 950 1368 sunt
963 1302 1079 1369 animo
1094 1299 1139 1388 (et
1153 1301 1335 1387 proprium
1351 1301 1477 1368 hooest

258 1416 442 1505 Britanni),
468 1434 536 1484 non
556 1433 670 1481 moros
694 1432 774 1480 suos
798 1412 941 1478 ileotunt
964 1411 1007 1478 ad
1031 1409 1177 1487 alienos,
1204 1407 1266 1473 hos
1291 1409 1411 1474 autem
1436 1406 1478 1472 ad

257 1539 351 1587 suos,
367 1521 432 1603 oui
447 1521 581 1588 fabulas
596 1540 636 1587 eo
651 1524 805 1604 tempore
821 1518 1046 1602 scripserunt,
1063 1516 1159 1601 parvi
1175 1516 1367 1600 pendentes
1388 1515 1478 1582 hanc

258 1627 423 1694 orationis
438 1628 615 1705 virtutem,
632 1645 709 1712 quae
723 1624 896 1711 posterius
920 1625 1011 1690 color
1025 1623 1130 1690 rebus
1154 1626 1188 1689 et
1202 1622 1288 1689 locis
1313 1622 1478 1706 proprius

260 1731 414 1818 (couleur
429 1731 547 1820 locale)
563 1734 709 1812 dicetur,
726 1730 847 1816 patriis
863 1730 987 1797 studiis
1002 1731 1164 1814 aptarunt
1178 1728 1364 1813 plerasque
1380 1726 1479 1793 sabu-

260 1839 374 1904 larum
401 1857 488 1922 quas
512 1839 554 1905 de
580 1838 730 1905 externis
759 1839 1023 1921 assumpserunt
1055 1836 1192 1903 litteris.
1218 1836 1301 1917 Quae
1332 1834 1478 1913 fabulae,

259 1946 444 2025 caeterum,
482 1962 551 2010 non
578 1943 739 2028 plurimae
771 1945 864 2009 sunt.
895 1943 1111 2029 Argumenta
1144 1946 1218 2010 tum
1247 1961 1266 2009 e
1301 1943 1480 2011 veteribus

259 2046 398 2127 fabulis,
429 2051 505 2115 tum
528 2066 546 2112 e
572 2046 693 2131 patriis
725 2047 925 2125 annalibus,
951 2051 1025 2113 tum
1054 2048 1247 2115 emoribus
1270 2053 1304 2116 et
1332 2067 1352 2115 e
1376 2048 1481 2115 rebus

260 2153 440 2239 praesentis
464 2151 574 2220 aetatis
597 2152 717 2230 (lucta,
743 2169 887 2218 numero
913 2170 1028 2235 acqua,
1051 2152 1121 2218 imo
1145 2152 1378 2238 frequentiora
1406 2153 1480 2220 fue·

261 2263 355 2326 runt.
372 2262 432 2326 Hae
447 2258 677 2327 fabulaeomni
692 2276 732 2324 ex
747 2260 843 2342 parte
853 2257 993 2344 ingenio
1008 2258 1203 2325 britannico
1217 2259 1476 2338 convenientes

261 2364 479 2432 retinuerunt
511 2365 721 2432 incolumem
753 2367 786 2430 et
821 2365 952 2431 salvam
973 2367 1084 2430 artem
1117 2366 1212 2451 genti
1237 2366 1414 2450 propriam
1447 2368 1480 2433 et

191 2461 194 2466 ’
262 2468 517 2554 impediverunt
536 2491 578 2538 ne
592 2489 692 2538 scena
708 2471 819 2537 alieno
833 2489 961 2557 genere
976 2471 1149 2538 scribendi
1164 2471 1299 2537 fabulas
1314 2474 1480 2557 occupata

263 2575 320 2640 sit.
343 2575 453 2660 Hujus
474 2576 619 2662 irruptio
639 2594 678 2643 eo
698 2576 834 2642 facilius
853 2576 1001 2642 inhibita
1021 2576 1105 2655 suit,
1126 2578 1217 2662 quod
1234 2577 1259 2642 ii
1275 2577 1335 2662 qui
1352 2578 1479 2644 scribe-

262 2679 346 2744 bant
369 2696 438 2745 non
461 2680 676 2747 deduxerunt
700 2680 856 2764 exempla
880 2698 957 2764 quae
982 2679 1047 2745 sibi
1064 2681 1107 2746 ad
1124 2681 1335 2749 imitandum
1358 2702 1481 2769 propo-

264 2787 409 2851 suerunt
433 2786 545 2851 solum
569 2786 611 2852 de
635 2786 808 2852 veteribus
838 2785 993 2870 scriptis,
1020 2787 1074 2852 vel
1097 2787 1139 2854 de
1167 2791 1306 2873 patrum
1331 2790 1482 2856 narratis

264 2891 442 2956 memoriae
456 2892 594 2959 traditis
610 2896 643 2969 et
658 2892 808 2958 tenebris
823 2911 993 2958 annorum
1008 2893 1212 2960 obscuratis.
1230 2896 1300 2960 Has
1319 2895 1482 2981 antiquas

265 2995 401 3062 fabulas
433 3001 681 3082 perspexerunt
716 2999 790 3065 suis
822 2997 932 3065 oculis
973 2998 1009 3064 in
1051 3017 1190 3065 scenam
1227 3000 1409 3081 inductaS‚
1449 3005 1483 3068 et

265 3103 426 3186 quamvis
450 3122 518 3171 non
539 3109 724 3192 agerentur
744 3124 823 3172 cum
848 3109 1014 3191 apparatu
1037 3125 1105 3191 quo
1128 3107 1234 3174 medii
1259 3107 1323 3173 aevi
1348 3109 1482 3193 tempo-

265 3209 362 3276 ribus
386 3213 515 3277 ornatae
538 3211 699 3291 luissent,
730 3215 882 3279 attamen
906 3231 924 3278 e
949 3213 1153 3297 spectaculis
1177 3232 1254 3299 quae
1277 3218 1484 3297 supererant

265 3315 457 3404 intelligere
472 3321 629 3402 poterant
646 3319 817 3404 quomodo
833 3318 938 3403 prisci
951 3319 1023 3385 ludi
1038 3319 1223 3386 instaurati
1238 3319 1397 3385 fuissent.
1416 3320 1482 3402 Qui
1529 3383 1532 3387 .

265 3420 400 3488 fabulas
415 3424 581 3492 docebant
600 3428 690 3491 recte
710 3425 822 3511 igitur
836 3425 952 3489 animo
968 3424 1136 3510 complexi
1152 3432 1233 3492 sunt
1247 3424 1332 3510 quid
1354 3424 1483 3493 fabulae

266 3545 373 3594 sacrae
396 3532 522 3608 essent,
548 3532 582 3595 et
605 3529 647 3595 (le
669 3528 739 3594 illis
760 3546 838 3595 vera
864 3528 1062 3608 sentientes,
1087 3529 1282 3595 accuratius
1307 3531 1341 3594 et
1365 3530 1484 3614 aptius

265 3633 436 3718 persecuti
461 3638 542 3702 sunt
566 3634 713 3720 vestigia
737 3634 955 3718 superiorum
980 3639 1160 3702 auctorum
1187 3635 1314 3720 quibus
1343 3635 1484 3722 scriptae

265 3737 413 3817 fuerant,
430 3757 540 3824 quum
560 3757 618 3805 eos
642 3739 874 3807 imitarentur.
896 3740 1139 3825 Propensiores
1162 3760 1298 3826 quoque
1321 3744 1422 3808 erant
1440 3743 1484 3810 ad

266 3847 471 3931 argumenta
495 3864 536 3910 ex
563 3844 715 3929 antiquis
744 3845 869 3913 fabulis
895 3848 1075 3914 sumenda.
1101 3847 1273 3934 llysteria‚
1301 3847 1481 3916 Miracula.

265 3949 392 4016 Morale
412 3951 570 4029 Carmen,
588 3952 767 4030 lnterludi
785 3953 978 4037 spectacula
993 3972 1070 4037 quae
1090 3953 1275 4040 Pcpecnts
1299 3955 1332 4019 et
1346 3956 1484 4021 Loroae

265 4056 440 4134 dicuntur,
457 4057 540 4141 quid
550 4054 687 4123 multa?
701 4060 833 4124 cunctae
846 4058 1043 4125 fabularum
1053 4059 1174 4125 formae
1187 4077 1264 4143 quae
1279 4058 1394 4126 medio
1409 4079 1483 4128 aevo

266 4162 458 4230 floruerunt
481 4164 729 4249 permanebant
752 4164 845 4249 apud
869 4165 1052 4231 Britannos
1076 4165 1203 4250 quibus
1225 4164 1319 4231 laudi
1344 4183 1483 4251 semper

266 4268 386 4335 datum
401 4268 466 4335 fuit
480 4269 572 4353 quod
587 4269 794 4336 nullomodo
810 4271 996 4338 amoribus
1011 4276 1044 4339 et
1055 4271 1224 4338 institutis
1239 4289 1316 4355 quae
1331 4270 1483 4357 majores

267 4374 481 4443 tradiderunt
496 4375 642 4442 distrahi
656 4375 801 4460 possint.
1401 4380 1404 4387 '

310 4481 471 4566 lllysteria
489 4482 721 4564 lliraculaque
740 4485 814 4549 acta
833 4482 989 4563 fuerunt,
1012 4488 1050 4551 ut
1068 4483 1201 4550 dictum
1221 4485 1284 4561 est,
1307 4501 1419 4566 usque
1438 4484 1484 4551 ad

267 4586 410 4653 ultimos
436 4605 545 4654 annos
568 4586 655 4653 sexti
679 4588 805 4654 decimi
830 4590 867 4654 P.
893 4590 928 4654 C.
954 4592 994 4656 N.
1025 4590 1163 4667 saeculi;
1194 4589 1265 4654 imo
1296 4591 1482 4673 postquam

266 4692 468 4774 Marlovius,
495 4694 751 4782 Shakespearus
773 4699 807 4765 et
829 4714 949 4764 omnes
972 4697 1127 4786 ejusdem
1155 4696 1266 4765 aetatis
1295 4695 1484 4783 scriptores
