3120 5474
697 85 874 149 *197-

172 258 328 328 suerunt.
353 258 522 343 Quoniam
544 257 581 325 in
605 257 854 326 Henslovianas
876 258 1012 327 tabulas
1032 258 1138 346 primi
1165 240 1291 331 sc'enici
1316 263 1389 331 ludi

154 365 356 454 *cujusdam
374 366 499 434 tabulae
517 366 573 433 cui
592 365 716 432 titulus
736 365 906 434 Henricus
930 368 1052 434 Sextus
1074 369 1173 436 relati
1195 374 1277 437 sunt
1300 389 1390 438 anno

173 477 211 541 P.
224 477 260 542 u.
274 476 316 541 N.
329 473 517 540 millesimo
532 473 811 561 quingentesimo
828 475 1053 561 nonagesimo
1066 475 1191 562 primo,
1204 480 1283 543 ante
1297 477 1390 545 diem

173 582 336 669 quintum
353 585 468 649 Nonas
479 581 513 670 (3
524 600 618 648 mars
633 579 733 667 1591)
745 582 902 649 nonnulli
917 584 1134 651 aestimarunt
1149 584 1288 652 Henrici
1303 585 1390 652 sexti

172 693 288 776 partes
303 690 488 775 dequibus
504 707 609 774 supra
623 689 707 768 dixi,
725 689 847 757 diebus
863 689 933 756 illis
949 693 1042 758 actas
1059 690 1177 757 fuisse.
1190 691 1259 757 Alii
1275 696 1390 760 autem

173 799 386 865 arbitrantur
402 801 519 864 notam
534 796 632 862 illam
646 797 700 863 vel
720 797 891 882 respicere
909 798 953 864 ad
974 798 1123 882 primam
1144 799 1284 866 Heurici
1303 799 1390 866 sexti

172 909 319 991 partem,
337 908 370 971 et
385 924 423 972 ea
439 907 491 971 est
504 903 630 970 Maloni
647 903 828 986 sententia,
850 904 904 971 vel
923 904 1095 991 pertinere
1110 905 1153 972 ad
1172 904 1277 973 aliam
1292 905 1390 974 fabu-

172 1013 242 1081 lam
258 1014 301 1080 de
316 1014 437 1080 eadem
451 1030 488 1078 re
502 1015 676 1100 agentem.

215 1121 377 1188 Primum
396 1118 521 1186 tabulae
539 1119 608 1186 illae
627 1123 944 1186 commemorantur
962 1119 1078 1187 libello
1098 1119 1390 1190 aGroatswortlc

172 1227 215 1314 os
243 1228 320 1296 th
348 1226 531 1312 inscripto,
562 1243 666 1312 quem
697 1225 872 1293 Chettelus
900 1227 936 1292 in
964 1227 1136 1294 Greenum
1164 1228 1325 1306 contulit,
1357 1234 1390 1296 et

171 1335 312 1403 Thomas
337 1334 430 1400 Nash
458 1333 622 1418 opusculo
651 1333 708 1400 cui
733 1332 856 1400 titulus
880 1335 988 1402 Piens
1016 1333 1213 1402 Penilesse.
1241 1335 1390 1422 Uterque

171 1441 310 1509 libellus
335 1430 541 1528 divulgatus
563 1439 629 1508 tuit
656 1458 746 1507 anuo
769 1440 955 1508 millesimo
979 1441 1258 1530 quingentesimo
1281 1461 1388 1511 nona-

168 1548 306 1636 gesimo
322 1547 473 1615 secundo
488 1545 614 1636 (1592),
632 1547 666 1614 id
682 1550 734 1613 est
749 1565 837 1615 anuo
853 1567 921 1631 quo
934 1548 1087 1634 primum
1102 1551 1178 1616 acta
1192 1549 1258 1617 suit
1272 1548 1388 1619 tabula

169 1655 342 1723 Henrlcus
363 1655 485 1721 Sextus
506 1654 672 1739 iuscripta
696 1671 800 1740 quam
826 1655 1064 1722 Henslovianae
1088 1656 1214 1724 tabulae
1236 1675 1387 1724 comme-

166 1765 320 1831 morant.
341 1762 380 1828 lu
400 1762 514 1848 priore
533 1764 686 1829 Greenus
708 1761 830 1829 amicis
850 1762 923 1828 suis
943 1762 1108 1830 suadebat
1132 1766 1169 1831 ut
1190 1768 1350 1832 caverent
1368 1783 1387 1831 a

165 1871 378 1958 quibusdam
391 1868 619 1956 scriptoribus
629 1869 688 1955 qui
703 1868 863 1958 plagiarii
874 1873 983 1950 erant,
997 1872 1191 1957 praesertim
1205 1891 1224 1940 a
1239 1871 1386 1939 Shakes-

164 1997 271 2067 pearo
288 1977 344 2046 cui
360 1976 542 2064 exprobrat
1131 1984 1133 1987 ’

292 2177 305 2207 ι
324 2153 384 2215 His
399 2154 512 2234 Tigers
526 2154 617 2216 beart
632 2151 781 2235 wrapped
797 2152 831 2227 in
844 2153 972 2235 players
985 2152 1068 2216 hide.
1088 2176 1101 2207 ι

212 2338 278 2407 Hic
296 2337 489 2407 versiculus
509 2338 662 2426 maligne
677 2337 833 2404 imitatur
848 2355 987 2404 versum
1002 2356 1071 2404 non
1087 2338 1250 2408 simihter
1265 2358 1385 2409 conso-

162 2448 310 2514 nantem
326 2465 430 2531 quem
445 2446 483 2513 in
497 2447 596 2513 tertia
613 2445 751 2512 Henrici
767 2445 854 2511 sexti
873 2449 969 2530 parte
988 2445 1144 2513 iuvenies
1165 2446 1203 2534 (Ι,
1225 2468 1270 2527 1v‚
1293 2448 1383 2537 137).

164 2556 206 2621 Iu
234 2553 400 2639 opusculo
428 2556 538 2623 Piens
565 2555 751 2637 Penilesse
779 2553 962 2638 inscripto,
992 2553 1085 2619 Nash
1111 2554 1271 2623 notitiam
1303 2555 1386 2624 facit

163 2661 337 2729 dramatis
352 2661 388 2727 iu
403 2680 471 2746 quo
484 2665 646 2728 strenuus
660 2661 779 2727 Talbot
793 2686 807 2719 «
820 2679 892 2726 was
903 2660 1004 2726 made
1014 2661 1048 2726 to
1059 2660 1214 2747 triumph
1224 2662 1326 2747 again
1340 2681 1384 2729 on

162 2768 224 2835 the
241 2770 338 2855 stage
353 2771 376 2834 ¹.
397 2793 411 2828 »
431 2769 492 2836 His
507 2771 623 2834 autem
638 2769 753 2835 verbis
771 2768 862 2834 Nash
879 2767 1100 2852 alluditparti
1110 2767 1232 2852 primae
1241 2769 1382 2837 Henrici

162 2875 266 2954 sexti,
285 2879 319 2941 et
332 2876 503 2942 incertum
520 2879 572 2942 est
587 2878 704 2943 utrum
720 2877 873 2942 Greenus
885 2873 1010 2942 tabulae
1023 2875 1093 2943 The
1107 2877 1200 2942 Troe
1213 2877 1382 2962 Trapedp

164 2982 520 3068 inscriptaealluderit
538 3002 582 3050 an
602 2983 692 3070 parti
716 2982 826 3048 tertiae
851 2982 991 3049 Henrici
1015 2981 1120 3062 Sexti,
1150 3001 1272 3050 versus
1288 2981 1382 3049 enim

163 3108 270 3176 quem
287 3095 535 3158 commemorat
549 3090 586 3157 iu
601 3090 736 3158 duabus
750 3088 878 3157 fabulis
893 3089 1079 3158 invenitur.

209 3198 278 3264 Res
303 3197 373 3262 illae
398 3198 479 3264 solae
499 3200 580 3264 sunt
595 3198 681 3283 quas
700 3197 742 3263 de
761 3200 910 3281 quatuor
929 3195 1146 3264 dramatibus
1160 3197 1333 3275 novimus,
1350 3200 1383 3265 et

165 3307 238 3370 tam
268 3323 355 3371 rarae
376 3307 457 3371 sunt
479 3323 585 3391 quam
610 3304 737 3372 dubiae.
764 3304 995 3386 Quamobrem
1020 3322 1087 3372 non
1113 3304 1244 3372 mirum
1273 3308 1325 3371 est
1352 3306 1381 3371 si

166 3410 373 3498 conjecturae
388 3412 534 3498 copiosae
557 3411 655 3479 factae
669 3411 812 3479 fuerunt·
827 3430 936 3497 quum
955 3411 1066 3479 critici
1091 3409 1324 3480 laboraverint
1345 3416 1383 3480 ut

198 3676 206 3709 ¹
220 3668 288 3719 Ecce
300 3665 384 3718 libelli
398 3666 473 3717 locus
488 3683 495 3716 ε
1169 3692 1173 3697 -

199 3765 209 3793 ι
224 3748 288 3798 How
303 3746 393 3797 would
410 3746 432 3796 it
450 3747 520 3798 have
535 3745 618 3812 joyed
632 3747 716 3798 brave
732 3747 823 3798 Taldot
837 3748 896 3813 (the
910 3749 1000 3798 terror
1011 3746 1041 3797 oi
1055 3747 1101 3798 the
1114 3746 1228 3812 French)
1244 3749 1272 3798 to
1286 3745 1382 3797 thinks

164 3829 226 3879 that
240 3828 311 3878 aiter
326 3826 361 3878 he
381 3827 435 3877 had
450 3827 512 3891 lyne
533 3830 583 3877 two
598 3827 723 3878 hundred
738 3842 834 3893 yeares
849 3829 877 3879 in
890 3828 933 3878 his
947 3827 1057 3890 tombs,
1070 3827 1121 3879 hee
1132 3827 1231 3879 should
1243 3827 1382 3892 triumphe

164 3908 262 3973 agaiue
277 3921 312 3958 on
325 3907 372 3958 the
386 3907 475 3971 stage,
492 3907 547 3958 aud
564 3907 634 3958 have
651 3907 695 3960 his
710 3908 794 3960 bones
808 3922 879 3960 news
892 3907 1047 3960 embalmed
1060 3907 1124 3958 with
1137 3907 1183 3958 the
1195 3911 1284 3958 teares
1295 3905 1325 3957 ot
1336 3909 1382 3957 teu

164 3988 303 4040 thousand
320 3990 471 4053 spectators
492 3990 521 4039 at
544 3988 621 4050 least,
644 3987 681 4053 (at
702 3988 817 4040 severall
839 3989 931 4048 times)
945 3988 1014 4050 who,
1034 3987 1064 4038 in
1084 3987 1131 4053 the
1152 3986 1304 4050 Tragedian
1322 3985 1383 4037 that

165 4071 321 4135 represents
334 4070 378 4120 his
391 4083 499 4134 person,
516 4068 635 4133 imagine
649 4069 714 4134 they
726 4068 825 4121 behold
838 4069 896 4120 him
913 4068 987 4120 fresh
1000 4067 1144 4132 bleedingt
1161 4085 1171 4113 ι

198 4149 300 4213 [Pieros
324 4149 459 4202 Penilesse
478 4149 521 4200 his
544 4149 728 4214 supplication
747 4151 774 4199 to
793 4149 840 4200 the
859 4149 953 4200 Divell.
978 4147 1051 4202 1591.
1075 4147 1149 4211 Sign.
1170 4146 1204 4198 Fa
1225 4146 1250 4210 (1
1263 4147 1310 4211 tol,
1329 4147 1358 4198 iu
1374 4164 1380 4197 :

166 4228 375 4292 Shakespearc’s
394 4229 520 4280 Centurie
535 4230 563 4280 ot
574 4229 692 4294 Prayse;
710 4227 793 4292 being
809 4228 949 4280 materials
964 4227 1006 4278 tor
1022 4241 1039 4278 a
1057 4227 1164 4291 history
1178 4225 1207 4277 ol
1220 4224 1382 4291 opinionon

166 4309 353 4372 Shakespeare
370 4309 423 4359 aud
441 4309 484 4361 his
503 4309 602 4370 worhs,
621 4309 651 4360 Α.
671 4310 701 4360 D.
720 4307 861 4360 1591-1693.
881 4309 918 4372 by
935 4307 961 4358 C.
976 4307 1010 4357 ltl.
1026 4307 1145 4371 lugleby.
1158 4307 1205 4357 LL.
1221 4305 1261 4367 b,
1276 4305 1381 4358 Second

165 4388 285 4449 Editiou‚
309 4388 423 4451 rexisset,
440 4389 506 4440 with
523 4402 607 4453 many
622 4388 767 4444 additions¹
782 4387 819 4451 by
837 4388 910 4451 Lucy
927 4386 1054 4437 Toulmin
1066 4385 1165 4438 Smith.
1178 4385 1325 4437 Published
1340 4385 1382 4435 tor

166 4468 223 4519 The
235 4467 297 4519 Neu
312 4467 462 4532 Shakspere
474 4469 589 4533 society,
604 4469 642 4534 By
653 4468 686 4521 N.
700 4467 824 4518 Trllbner
836 4466 890 4517 and
903 4465 941 4528 C0,
955 4465 1076 4530 Londou‚
1090 4465 1160 4529 1879,
1171 4479 1213 4533 gr.
1226 4464 1302 4529 11191,
1317 4478 1343 4533 p.
1355 4463 1379 4516 5.
