3120 5474
173 176 269 239 nam,
286 157 412 244 inquit,
430 157 459 224 si
474 175 542 250 non
561 155 693 248 occisus
713 154 846 234 fuisset,
867 172 946 222 cum
967 152 1199 250 Shakespearo
1222 152 1281 240 qui
1300 170 1379 238 poe·

173 267 268 332 mata
283 264 416 333 titulis:
433 264 572 332 Adonis
586 267 622 330 et
641 266 759 334 Venus
774 266 807 329 et
821 263 1004 330 Lucretiae
1017 264 1158 347 Raptus
1173 259 1321 345 scripsit,
1339 259 1381 326 de

173 371 289 459 palma
313 370 400 438 forte
423 371 658 438 certavisset¹.
688 369 864 451 Quinimo‚
890 367 1041 440 Wardus
1064 368 1143 439 cont
1129 366 1239 433 ttendi
1225 364 1380 432 tMarlo·

173 478 318 547 vianum
339 496 425 563 opus
446 476 669 562 Shakespeari
689 475 838 561 poemati
854 475 1066 544 antecellere.

217 587 333 652 Inter
335 604 437 670 opera
461 603 538 671 quae
559 583 596 650 in
623 581 825 651 Marlovium
853 583 974 649 collata
1000 580 1154 659 suerunt,
1125 579 1379 646 tcollocanda

173 695 226 759 θεῖ
211 692 385 759 ttandem
408 709 476 759 una
499 709 540 756 ex
564 689 688 756 sabulis
715 689 965 756 commenticiis
989 706 1043 754 res
1065 687 1179 754 medio
1201 705 1273 754 aevo
1294 703 1379 771 prae·

173 800 265 866 clare
289 800 405 887 gestas
428 797 471 865 ab
494 796 676 883 Equitihus
701 794 929 885 (chevaliers)
954 794 1185 865 narrantibus.
1212 791 1380 878 Inscripta

172 907 226 974 est
242 924 251 973 ε

214 1083 231 1116 «
248 1061 317 1123 The
331 1058 448 1124 second
462 1073 532 1144 part
543 1058 577 1122 ol
589 1059 640 1122 the
655 1058 807 1139 Historia,
823 1058 922 1122 called
936 1059 988 1121 the
1002 1043 1124 1119 Nature
1138 1054 1173 1119 ol
1185 1075 1205 1118 a
1215 1055 1377 1117 Woman:

173 1158 380 1240 Contayning
406 1161 458 1222 the
480 1157 541 1220 end
564 1156 598 1221 ol
617 1158 669 1220 the
695 1156 784 1219 strile
808 1157 940 1219 betwixt
968 1158 1106 1219 Perseus
1134 1154 1197 1217 and
1224 1153 1379 1215 Theseus.

172 1255 338 1338 Compiled
359 1256 400 1337 by
423 1256 458 1318 C.
477 1258 523 1318 M.
542 1289 577 1301 -
593 1258 635 1318 At
652 1255 797 1326 London,
815 1254 949 1317 Printed
968 1254 1009 1335 by
1029 1255 1081 1315 the
1108 1251 1240 1314 Widow
1268 1251 1380 1312 OrwIn

170 1353 221 1417 for
241 1354 385 1417 Clement
408 1354 543 1436 Knight‚
570 1353 633 1417 and
656 1373 711 1419 ere
733 1360 765 1416 to
787 1353 825 1415 be
849 1352 917 1416 sold
941 1352 1045 1415 athis
1069 1352 1149 1432 shop
1172 1357 1204 1413 at
1226 1350 1279 1412 the
1302 1348 1381 1411 little

170 1452 390 1516 North-doore
404 1451 439 1515 ol
451 1453 484 1515 S.
500 1452 613 1514 Paules
628 1451 765 1514 Church.
781 1450 870 1532 1596,
886 1449 917 1511 4⁰
933 1448 984 1531 (tt
999 1447 1132 1528 leaves).

215 1620 256 1684 In
271 1619 344 1684 solo
357 1616 461 1703 hujus
476 1617 588 1703 operis
604 1617 778 1684 volumine
792 1617 883 1703 quod
899 1616 936 1683 in
949 1615 1163 1702 possessione
1178 1633 1239 1681 sua
1254 1611 1376 1692 tenuit,

171 1726 328 1792 Malonus
343 1724 506 1810 scripsit:
527 1726 562 1793 C.
587 1726 630 1791 Μ.
652 1724 715 1792 His
734 1723 860 1802 verbis,
882 1727 920 1790 ut
938 1722 1126 1791 verisimile
1144 1724 1207 1800 est,
1226 1719 1377 1788 Christo-

169 1832 301 1918 phorus
316 1831 498 1898 llarlovius
509 1831 722 1920 designatur.
735 1832 813 1910 Res,
826 1833 956 1909 contra,
968 1830 1108 1896 omnino
1118 1827 1222 1894 fidem
1232 1825 1376 1905 excedit,

170 1936 286 2024 inquit
305 1939 442 2024 Paynus
459 1937 625 2006 Collierus
639 1939 662 2018 2,
680 1938 807 2005 etenim
827 1937 856 2004 si
881 1937 993 2004 solum
1018 1934 1185 2002 evolveris
1207 1933 1376 2012 libellum,

171 2045 231 2129 qui
247 2044 343 2111 nulla
357 2048 430 2110 arte
447 2045 652 2129 conspicuus
665 2048 729 2122 est,
746 2062 826 2110 mox
840 2044 903 2110 tihi
919 2043 1083 2111 dilucebit
1097 2061 1183 2127 opus
1197 2058 1259 2108 nec
1275 2058 1378 2128 argu-

170 2154 300 2230 mento,
327 2168 390 2218 nec
408 2150 543 2217 dicendi
566 2169 692 2239 genere
715 2151 868 2219 Marlovli
885 2169 971 2218 esse.
988 2151 1089 2216 Nullo
1104 2148 1232 2216 indicio
1246 2146 1378 2233 conjec-

169 2259 260 2337 tura,
272 2276 377 2342 quam
388 2243 542 2323 Melenos
557 2259 649 2325 solus
665 2252 888 2343 exprompsit,
901 2256 1136 2324 confirmatur.
1151 2257 1224 2322 Non
1241 2255 1379 2322 inventa

169 2368 325 2450 estpars
349 2364 443 2449 prior
466 2365 578 2450 operis
601 2367 632 2432 et
657 2383 783 2432 nomen
806 2364 880 2450 eJ'us
904 2364 964 2450 qui
990 2363 1216 2449 posteriorem
1243 2361 1381 2448 scripsit

169 2471 328 2558 ignotum
349 2474 412 2537 θεῖ.

212 2577 354 2663 Aliquot
382 2577 611 2658 carminibus,
641 2578 731 2644 inter
758 2597 835 2664 quae
864 2579 1033 2646 Carmen:
1067 2576 1137 2644 The
1163 2577 1379 2643 Pusstoaote

167 2683 362 2768 Shepherd
378 2689 412 2751 to
427 2683 484 2751 his
502 2687 597 2752 Loue
616 2685 833 2770 inscriptum,
859 2684 1079 2751 notissimum
1101 2686 1153 2750 θεῖ
1171 2685 1204 2749 θῖ
1222 2684 1302 2750 nota
1325 2682 1377 2749 di·

167 2807 278 2877 gnum
294 2793 432 2876 propter
446 2795 581 2858 teneros
600 2795 633 2856 et
646 2791 778 2858 ssehiles
793 2810 916 2858 sensus
929 2810 1015 2877 quos
1029 2788 1203 2875 exprimit,
1223 2789 1378 2874 expletur

167 2896 342 2983 poeticum
370 2897 524 2964 Marlovii
553 2898 777 2983 opustmni
803 2917 844 2964 ex
869 2901 964 2984 parte
987 2896 1113 2964 sabulis
1141 2895 1216 2981 ejus
1244 2896 1374 2981 impar,
1439 2980 1441 2986 A

167 3004 321 3070 maxime
335 3007 467 3071 constat
488 3023 506 3071 e
529 3005 742 3072 carminibus
766 3005 953 3083 translatis,
974 3007 1008 3071 et
1026 3003 1100 3071 haec
1114 3001 1294 3070 scribendo
1308 3000 1377 3069 non

167 3111 282 3177 solum
296 3111 494 3178 Graecorum
509 3115 542 3178 et
558 3111 757 3178 Latinorum
773 3111 966 3198 ingenium,
981 3110 1041 3176 sed
1056 3111 1159 3177 etiam
1175 3109 1376 3176 libidinosos

167 3234 292 3283 sensus
315 3216 420 3284 duces
448 3216 579 3283 hahuit.
611 3217 725 3284 Laude
753 3220 869 3284 tamen
894 3235 980 3302 opus
1007 3234 1077 3283 non
1102 3215 1286 3304 indignum
1310 3216 1374 3280 est.

165 3322 353 3392 Marlovius
367 3323 488 3390 multis
508 3323 544 3389 in
564 3323 719 3409 partibus
740 3323 880 3410 ingenio
900 3342 962 3390 suo
982 3323 1056 3390 vela
1076 3322 1207 3408 pandit,
1227 3323 1261 3388 et
1279 3339 1375 3389 vero·

163 3444 246 3497 rum
264 3431 382 3497 vatum
403 3429 570 3496 sublimes
588 3432 703 3496 mente
721 3431 870 3516 concipit
890 3449 1024 3497 sensus.
1045 3429 1222 3514 Imprimis
1241 3426 1277 3493 in
1296 3446 1375 3513 poe-

164 3538 258 3603 mate
274 3536 329 3602 cui
347 3536 436 3602 Hero
452 3536 520 3603 and
535 3537 688 3603 Leander
702 3537 836 3618 titulus,
851 3541 884 3604 et
905 3537 941 3602 in
956 3535 1212 3602 Pharsaliarum
1228 3534 1374 3601 transla-

164 3642 271 3720 tione,
297 3660 334 3708 se
357 3642 485 3727 praebet
511 3643 813 3710 solertissimum
805 3662 842 3710 rn
870 3645 942 3710 arte
969 3661 1090 3710 versus
1117 3659 1187 3708 non
1214 3640 1375 3708 similiter

164 3747 363 3816 desinentes
386 3748 550 3816 concinne
575 3749 759 3831 scribendi,
785 3753 818 3816 et
841 3750 1021 3817 aemulator
1039 3747 1104 3816 fuit
1125 3764 1373 3833 nonnunquam

164 3855 248 3923 felix
265 3856 406 3922 Lucani

198 4102 208 4137 ¹
224 4100 249 4152 It
258 4101 382 4171 Marlowe
394 4101 444 4154 has
458 4102 529 4154 lived
541 4107 569 4154 to
581 4103 664 4154 finish
677 4103 720 4154 his
735 4103 803 4154 llero
814 4103 869 4154 and
881 4103 1008 4163 Leander,
1022 4102 1056 4153 he
1070 4101 1159 4166 might
1172 4100 1289 4167 perhaps
1303 4099 1374 4152 have

164 4180 308 4233 contested
324 4180 370 4232 the
389 4181 462 4246 palm
480 4183 547 4234 with
568 4183 753 4248 Shakespeare
774 4182 803 4233 in
823 4183 867 4234 his
887 4183 972 4233 Venus
985 4183 1042 4233 aad
1054 4181 1167 4244 Adonis,
1178 4181 1232 4232 and
1254 4181 1329 4246 Rupe
1344 4181 1377 4244 of

162 4263 280 4312 Lucrece
294 4259 434 4326 (Shakesp.
450 4262 486 4317 X.
501 4277 530 4327 p.
548 4263 586 4323 ta,
601 4263 646 4314 ed.
665 4263 744 4327 1791).

195 4344 207 4378 ¹
224 4339 454 4404 Bibliographieal
466 4342 520 4394 and
531 4342 639 4395 Critical
651 4343 783 4396 Aecount.
801 4342 863 4396 Vol.
880 4343 900 4393 1.
918 4357 947 4409 p.
963 4340 1020 4393 522.
