3120 5474
60 118 82 158 a
101 116 185 158 crew
215 97 250 157 of
271 96 319 158 his
344 99 487 159 trustiest
511 98 731 179 companions,
758 109 789 161 to
812 98 933 181 guarda
953 99 1017 161 him
1039 99 1072 158 in
1093 98 1237 179 daunger
1255 99 1289 161 of

59 199 241 255 Arrestes:
264 192 312 255 bis
335 192 451 273 keping
475 193 509 256 of
533 193 584 256 the
608 194 745 256 foresaid
766 197 855 257 Balls
880 197 987 275 sister,
1013 218 1032 258 a
1057 215 1146 277 sorry
1167 198 1286 279 ragged

58 314 201 373 quaene,
220 292 254 353 of
267 291 369 353 whom
393 291 450 354 hee
470 290 528 354 had
545 291 594 354 his
616 300 688 354 base
709 314 811 355 sonne
832 295 1052 358 lnfortunatus
1068 298 1193 358 Greene
1210 318 1216 357 :
1236 294 1286 358 his

58 389 232 470 forsaking
247 390 281 452 of
293 390 342 451 his
356 409 444 451 owne
454 388 535 463 wife,
549 400 600 452 too
612 391 726 454 honest
737 391 784 453 for
798 390 875 454 such
888 392 1061 456 ahushand
1077 415 1083 455 :
1098 395 1287 477 particulars
1398 437 1402 469 ·.

59 511 119 551 are
134 489 285 550 infinite:
309 488 359 550 his
374 490 583 568 contemning
608 488 642 550 of
663 490 868 570 Superiours‚
891 490 1036 570 deriding
1055 489 1091 552 of
1107 488 1207 562 other,
1224 490 1287 552 and
1400 491 1407 518 l

61 587 193 668 defying
218 587 253 649 of
274 590 315 649 all
338 587 421 668 good
446 588 559 648 order?
580 589 736 668 Compare
754 589 829 651 base
850 589 997 666 fellowes,
1019 588 1082 650 and
1101 588 1193 649 noble
1212 608 1286 650 men

61 685 211 766 together
237 706 244 746 :
274 686 337 746 and
361 684 442 747 what
465 687 499 746 in
520 707 539 747 a
562 706 699 748 manner
721 687 842 749 wanted
864 685 902 748 he
926 687 960 749 of
982 685 1032 749 the
1056 687 1201 764 ruffianly
1225 685 1287 747 and

62 786 209 846 uariable
222 793 336 845 nature
352 783 386 846 of
394 785 540 858 Catilina,
553 806 590 847 or
600 788 758 864 Antoony‚
770 787 825 848 hut
836 784 885 847 the
896 784 1091 848 honourable
1103 784 1246 846 fortunes
1256 783 1293 845 of

64 883 206 945 Catilina
222 884 285 945 and
299 887 449 962 Antony‘?
464 882 547 962 They
563 883 628 946 that
648 883 726 946 have
749 905 843 946 seene
859 883 952 946 much
973 904 1062 946 more
1084 881 1158 945 then
1175 885 1188 943 I
1207 880 1287 944 have

64 982 163 1046 heard
176 1006 183 1059 ;
198 983 261 1061 (for
272 1003 308 1044 so
321 987 333 1043 Ι
348 1005 399 1044 am
411 983 546 1061 credibly
556 983 730 1059 informed)
742 1004 802 1044 can
814 986 911 1046 relate
922 990 1085 1063 straunge,
1098 981 1161 1043 and
1172 983 1287 1045 almost

64 1083 240 1144 incredible
255 1082 422 1143 Comedies
443 1081 477 1142 of
498 1080 547 1143 his
571 1097 755 1144 monstrous
780 1082 969 1164 disposition
987 1104 992 1142 :
1010 1065 1188 1142 'wherewith
1205 1082 1217 1140 l
1234 1099 1286 1141 am

68 1196 121 1244 not
132 1192 164 1244 to
179 1180 277 1244 infeet
292 1181 343 1243 the
358 1183 446 1254 Aire,
463 1201 500 1242 or
515 1180 605 1243 defile
620 1180 682 1243 this
695 1201 803 1263 paper.
826 1206 838 1235 »
857 1203 887 1264 p.
904 1181 934 1242 9.

108 1323 123 1353 «
140 1302 221 1361 How
237 1298 276 1360 he
291 1300 449 1380 departed,
475 1297 525 1360 his
545 1297 667 1380 ghostly
682 1296 806 1360 mother
821 1301 906 1360 lsam
922 1318 981 1360 can
998 1297 1132 1374 truliest,
1149 1295 1212 1357 and
1226 1296 1288 1357 will

68 1397 297 1461 favourabliest
311 1408 436 1479 report:
455 1397 522 1460 how
533 1396 571 1459 he
587 1396 679 1472 lived,
696 1396 830 1459 London
846 1393 1059 1459 remembreth
1077 1420 1089 1449 ν
1108 1415 1137 1476 p.
1156 1392 1206 1454 al.

111 1594 150 1657 ln
180 1593 248 1658 alio
278 1591 367 1670 loco,
399 1590 567 1656 Harveius
596 1593 715 1656 narrat
743 1591 898 1656 lauream
928 1607 1090 1656 coronam
1119 1606 1138 1653 a
1164 1586 1287 1653 Greeni

71 1700 206 1784 hospita
222 1702 331 1783 poeta
346 1701 482 1764 mortuo
498 1697 695 1781 impositam
712 1695 830 1774 fuisse,
848 1698 881 1761 et
895 1715 964 1773 res,
980 1714 1058 1780 quae
1073 1694 1109 1760 in
1124 1693 1288 1760 extremis

69 1806 142 1890 ejus
171 1807 262 1873 votis
287 1805 425 1881 fuisset,
453 1823 520 1870 non
550 1806 776 1870 consentanea
801 1803 938 1869 videtur
963 1821 1043 1870 cum
1070 1804 1288 1888 peccatorum

68 1914 184 1979 dolore
199 1932 305 1998 quem
322 1913 472 1979 demisse
488 1912 579 1996 apud
598 1911 669 1977 The
689 1912 904 1995 Repentance
920 1928 992 1994 prae
1008 1928 1044 1976 se
1058 1909 1151 1975 tulit.

111 2021 248 2087 Invidia
264 2020 412 2086 atrocior
426 2038 531 2105 quam
547 2018 613 2084 fuit
628 2018 767 2084 Harveii
784 2017 903 2084 odium
918 2035 988 2084 non
999 2015 1153 2101 expromi
1165 2018 1286 2101 potest,

66 2132 100 2193 et
124 2128 254 2205 critici,
285 2128 315 2192 si
340 2127 514 2211 sapienter
538 2125 715 2203 fecissent,
743 2127 939 2210 suspectam
969 2124 1172 2190 habuissent
1200 2123 1289 2188 hanc

51 2236 323 2325 ¹contentionem
338 2234 510 2312 acerbam,
528 2235 617 2299 hanc
633 2232 828 2299 fabularum
844 2232 1066 2298 sordidarum
1083 2234 1116 2297 et
1130 2229 1290 2296 maledic-

63 2347 182 2409 torum
198 2341 523 2427 frequentationem.
541 2341 746 2407 latentiores
762 2341 883 2406 saltem
906 2339 948 2405 ad
968 2339 1172 2415 cavendum,
1194 2356 1288 2421 quae-

61 2450 147 2517 dam
168 2449 386 2516 derivassent
406 2449 554 2515 crimina
578 2468 655 2534 quae
678 2449 829 2514 rationes
855 2446 1054 2532 prabebant
1078 2449 1288 2529 opportunas

62 2559 109 2624 ad
125 2575 270 2623 causam
285 2575 352 2623 non
369 2560 486 2622 contra
502 2557 673 2623 Greenum
688 2556 871 2643 agendam,
889 2554 949 2620 sed
964 2571 1025 2639 pro
1040 2571 1080 2618 eo
1091 2552 1286 2619 dicendam.

61 2668 166 2733 Hanc
182 2668 300 2732 tamen
316 2683 406 2731 unus
421 2682 461 2730 ex
477 2663 600 2730 amicis
614 2663 701 2749 ejus,
719 2663 823 2740 Nash,
841 2661 941 2728 dixit.

111 2772 280 2854 Quamvis
291 2791 353 2838 suo
364 2772 504 2839 nomine
518 2790 586 2837 non
602 2771 792 2856 appellatus
807 2771 941 2847 fuisset,
955 2769 1093 2837 indiciis
1104 2772 1174 2835 tam
1185 2769 1289 2836 certis

59 2879 319 2966 designabatur
348 2880 384 2945 in
413 2898 482 2946 uno
509 2900 549 2946 ex
578 2881 687 2947 libelli
712 2881 796 2947 locis
820 2883 859 2946 ut
881 2881 911 2947 ei
937 2876 1124 2945 necessitas
1153 2873 1289 2960 injuriae

57 2986 313 3075 propulsandae
328 2987 573 3071 imponeretur.
589 2988 653 3054 Sed
668 2986 896 3074 frigidissime
906 3005 968 3072 pro
980 2986 1112 3051 Greeno
1125 2981 1287 3068 litigavit.

56 3094 237 3179 Quaedam
254 3112 295 3158 ex
311 3093 529 3174 criminibus,
543 3096 576 3160 et
590 3113 659 3161 non
674 3095 895 3182 gravissima,
916 3092 1055 3170 abnuit;
1072 3090 1139 3156 alia
1151 3089 1289 3155 silentio

55 3200 293 3291 praetermisit
308 3204 341 3266 et
355 3200 474 3267 enisus
489 3204 541 3267 est
555 3220 622 3268 nou
639 3206 678 3268 ut
697 3202 818 3268 Greeni
841 3219 982 3268 causam
999 3198 1146 3264 feliciter
1163 3200 1287 3276 oraret,

55 3308 130 3377 sed
144 3310 186 3375 ut
198 3307 242 3374 ab
256 3305 331 3393 ejus
346 3326 447 3374 causa
465 3327 564 3374 snam
580 3312 791 3397 segregaret.

108 3414 278 3483 Amicum
303 3433 421 3481 revera
444 3434 512 3481 non
535 3418 688 3484 deseruit
710 3416 879 3483 Gabrielis
904 3413 1042 3482 Harveii
1065 3415 1172 3491 metu,
1196 3410 1290 3477 hunc

55 3518 166 3591 enim
179 3518 360 3587 incursare
378 3523 611 3603 perseveravit
623 3522 751 3588 libellis
766 3525 837 3587 tam
854 3519 1000 3587 infensis
1015 3524 1053 3587 ut
1068 3520 1092 3585 ii
1108 3519 1168 3605 qui
1185 3519 1290 3603 impe-

54 3628 166 3701 rium
183 3627 391 3695 exercebant
405 3630 644 3696 auctoritatem
661 3648 759 3695 suam
776 3629 1048 3713 interposuerint
1067 3632 1100 3694 et
1121 3626 1289 3713 Jusserint

55 3732 257 3833 utriusque
269 3733 406 3802 libellos
424 3737 607 3822 supprimi.
634 3718 702 3803 Nee
716 3737 938 3821 perspicuum
961 3740 1013 3802 est
1036 3735 1128 3802 Nash
1147 3752 1289 3800 causam

55 3840 176 3915 amici
190 3840 248 3915 sui
261 3840 488 3931 dereliquisse
502 3846 592 3928 quod
609 3845 639 3910 is
658 3845 880 3911 excederetur
902 3843 971 3910 vita
996 3849 1029 3909 et
1052 3842 1089 3907 in
1112 3844 1289 3927 posterum

10 3948 234 4019 eerraira
246 3946 280 4015 ei
295 3966 432 4033 operam
449 3950 543 4029 dare,
559 3952 720 4036 quamvis
734 3951 909 4018 Chettelus
931 3969 986 4016 res
1008 3950 1039 4016 ei
1060 3949 1145 4017 vitio
1164 3951 1288 4016 vertat.

168 4054 309 4125 imilius
325 4059 377 4123 est
399 4058 492 4123 Nash
516 4058 644 4125 vidisse
666 4059 788 4125 Greeni
805 4077 958 4136 causam,
976 4056 1113 4143 injuriae
1127 4060 1289 4143 opportu-

190 4162 316 4231 multae
336 4180 448 4249 operae
472 4169 505 4231 et
528 4165 655 4232 laboris
675 4186 761 4233 esse.
789 4167 868 4232 ideo
883 4166 974 4251 quod
991 4164 1115 4231 fratres
1130 4163 1290 4230 Harveia-

196 4288 222 4359 a
232 4266 366 4355 jurgiis
377 4270 455 4336 aliis
475 4272 674 4352 lacessebat,
701 4273 890 4339 arbitratus
908 4276 960 4338 est
982 4273 1196 4339 occasionem
1222 4269 1288 4336 sibi

186 4366 202 4457 t

10 4596 129 4728 Β
