3120 5474
575 79 752 141 -l3l—

50 249 256 329 sententiae,
273 252 306 316 et
320 269 432 329 sensa,
449 252 483 316 et
495 250 598 317 verba
614 269 680 318 non
702 251 738 318 in
753 247 866 336 majus
882 247 1072 317 extulisset.
1093 247 1266 316 Concitato

51 357 127 443 eJus
147 357 265 424 animo
282 357 467 442 aliquando
481 358 649 437 uberiore,
667 357 799 424 sincero
814 362 930 424 autem
946 361 1021 422 tum
1037 354 1141 423 etiam
1159 372 1268 440 quum

53 463 241 530 immodice
264 463 394 531 nimius
414 465 476 542 est,
498 463 597 548 quasi
618 463 739 549 spiritu
756 463 873 530 divino
892 462 1007 531 fabula
1028 465 1098 530 tota
1117 460 1266 539 afflatur,

56 574 169 649 etms,
188 589 343 656 personae
362 572 395 637 et
414 573 617 656 spectantes
639 570 735 638 brevi
756 571 860 638 illecti
884 573 918 638 et
942 570 1086 656 abrepti,
1112 568 1269 655 praecipi-

58 677 149 743 tibus
163 677 376 764 tragicorum
391 681 592 745 eventorum
608 680 641 745 et
654 679 865 746 vibrantium
875 678 1071 745 orationum
1082 677 1270 744 vorticibus

58 783 267 851 volutantur.
293 784 478 851 Animatur
501 783 640 869 profusa
665 785 731 850 vita
750 803 826 871 quae
849 802 950 869 opera
975 783 1108 850 sincero
1123 781 1270 849 fervido-

58 909 124 974 que
152 891 293 979 ingenio
316 892 443 976 scripta
468 891 655 958 succendit.
682 892 893 976 Quapropter
927 890 1021 957 vitiis
1054 907 1123 956 non
1154 889 1271 956 minus

59 1015 162 1082 quam
191 997 379 1065 virtutibus
408 997 481 1065 suis
509 998 733 1065 Tamerlanus
760 1016 881 1064 verum
909 999 961 1064 est
988 996 1154 1064 dramatis
1190 995 1271 1062 novi

59 1105 247 1190 specimen.
264 1106 379 1172 Genus
398 1103 513 1172 fabula
532 1104 591 1171 illa
611 1105 836 1172 constitutum
859 1105 893 1170 et
914 1102 1123 1190 praefinitum
1148 1106 1212 1181 est,
1230 1104 1272 1169 et

59 1212 170 1278 solum
187 1215 367 1297 exoptatur
377 1218 415 1280 ul
429 1214 581 1299 primum
598 1233 616 1280 a
630 1214 793 1281 Marlovio
809 1213 894 1298 ipso,
906 1210 1031 1278 inaliis
1042 1209 1167 1278 fabulis
1183 1209 1269 1290 suis,

56 1321 88 1385 et
102 1319 228 1386 deinde
243 1339 263 1386 a
278 1320 511 1407 Shakespearo
527 1322 568 1387 ad
585 1339 763 1388 summum
778 1321 997 1405 perducatur.

97 1426 292 1493 Tamerlani
318 1427 414 1507 vitia,
441 1429 568 1513 quibus
591 1427 692 1495 hodie
714 1427 872 1494 homines
891 1445 961 1494 non
982 1423 1141 1492 inurbani
1163 1423 1270 1491 offen-

55 1532 199 1613 duntur,
217 1533 301 1599 etin
316 1537 429 1600 mente
448 1534 535 1600 mihi
555 1553 624 1601 non
645 1538 698 1601 est
720 1553 758 1601 ea
782 1534 965 1614 occultare,
990 1531 1090 1600 valde
1113 1531 1272 1598 levantur

55 1658 178 1724 quum,
195 1658 234 1707 ea
249 1639 502 1726 perpendenda,
520 1640 557 1706 in
571 1641 784 1725 praeteritum
800 1642 936 1726 tempus
950 1657 1019 1725 quo
1033 1639 1152 1705 drama
1168 1637 1273 1723 scrip
1356 1672 1358 1677 ·

55 1750 131 1814 tum
151 1746 219 1814 fuit
242 1748 380 1816 animus
404 1747 567 1826 mittitur,
592 1750 626 1814 et
648 1765 757 1833 quum
781 1745 896 1814 fabula
920 1746 956 1812 in
979 1746 1134 1813 medium
1157 1745 1272 1812 locum

57 1873 125 1940 quo
149 1857 226 1921 acta
251 1853 317 1922 fuit
339 1857 454 1921 mente
473 1855 662 1940 reponitur.
687 1855 840 1939 Impetus
863 1852 1027 1920 orationis
1048 1854 1082 1920 et
1104 1851 1272 1918 immode-

57 1964 132 2029 rata
156 1961 259 2028 elatio
282 1961 532 2031 sententiarum
551 1961 678 2047 quibus
697 1961 803 2027 nimis
822 1959 921 2046 proni
942 1962 1023 2026 sunt
1041 1958 1271 2044 quorumdam

57 2069 267 2154 scriptorum
297 2069 404 2135 animi
437 2069 651 2136 numeranda
685 2071 786 2147 sunt,
816 2070 856 2134 ut
883 2067 926 2133 ab
957 2065 1097 2132 Alfredo
1128 2064 1272 2132 Meziero

56 2179 216 2244 notatum
232 2179 295 2254 est,
313 2175 403 2241 inter
420 2175 609 2260 specimina
625 2175 762 2261 propria
779 2174 941 2259 operibus
956 2191 1075 2239 eorum
1095 2172 1155 2257 qui
1174 2173 1272 2257 plau-

56 2303 118 2350 sus
133 2285 272 2368 captare
286 2283 435 2361 tentant,
453 2281 586 2367 plebem
602 2301 622 2348 a
636 2285 749 2350 vetere
765 2276 1012 2349 consuetudine
1029 2279 1270 2358 abstrahendo,

56 2395 92 2458 et
120 2390 180 2456 illa
209 2389 310 2468 vitia,
338 2388 410 2474 jam
438 2389 475 2454 in
501 2392 616 2456 mente
644 2388 799 2456 Marlovii
833 2388 953 2466 insita,
984 2388 1107 2472 praeter
1133 2376 1272 2452 omnem

57 2499 203 2566 modum
231 2498 265 2564 et
293 2515 335 2563 ex
362 2495 535 2582 proposito
564 2497 606 2562 ab
635 2514 674 2563 eo
702 2499 801 2564 aucta
829 2494 980 2564 fuerunt.
1011 2496 1085 2562 Non
1109 2493 1208 2561 aliter
1237 2511 1273 2560 se

57 2624 179 2695 gerere
194 2607 339 2690 poterat.

104 2713 258 2780 Flectere
290 2729 345 2778 res
377 2710 530 2778 scenicas
562 2729 581 2777 a
610 2709 857 2778 consuetudine
885 2710 988 2798 longo
1016 2709 1179 2777 ludorum
1207 2725 1273 2775 usu

60 2819 199 2888 firmata
215 2837 270 2885 res
285 2822 337 2885 est
350 2819 450 2904 plena
469 2817 638 2884 laborum.
664 2819 777 2899 Quum
803 2816 948 2902 scriptor
970 2818 1105 2886 tantum
1131 2817 1274 2882 conatur

59 2946 160 3014 opus,
182 2927 214 2993 ei
232 2943 372 2993 necesse
390 2928 443 2991 est
465 2925 628 2993 concedat
650 2924 724 2991 sine
748 2922 975 3003 cunctatione,
1001 2922 1130 2990 invitus
1154 2921 1271 2999 etiam,

60 3032 233 3122 quidquid
265 3032 393 3118 petitur
421 3035 541 3099 utres
569 3049 749 3118 prosperos
777 3033 1006 3117 consequatur
1033 3028 1161 3107 exitus,
1191 3045 1274 3095 nam

61 3142 92 3209 si
113 3159 191 3227 spes
210 3157 289 3206 eum
306 3137 528 3218 frustaretur,
545 3137 631 3206 forte
645 3157 824 3224 nunquam
839 3157 881 3205 ex
895 3140 1010 3226 strage
1033 3155 1069 3204 se
1091 3135 1273 3203 attolleret.

61 3251 190 3319 Cuncta
223 3265 301 3332 quae
333 3264 388 3313 res
420 3246 570 3332 postulat
602 3245 799 3332 accipienda
834 3249 931 3326 sunt,
960 3245 1040 3312 licet
1066 3241 1275 3330 quibusdam

63 3354 197 3442 aliquid
212 3353 418 3439 dependere
433 3353 545 3439 operis
560 3353 800 3420 imminuetur.
818 3354 931 3434 Quum
950 3370 1071 3420 versus
1092 3367 1161 3417 non
1176 3348 1274 3415 simi-

61 3465 143 3532 liter
162 3461 359 3529 desinentes
378 3459 559 3545 supposuit
577 3459 613 3525 in
634 3459 748 3525 locum
765 3476 887 3525 versus
908 3458 968 3542 qui
987 3455 1093 3523 refert
1114 3455 1275 3521 eumdem

63 3569 269 3638 incedendo
283 3585 420 3647 sonum,
437 3565 621 3633 Marlovius
636 3565 711 3631 sine
725 3563 830 3633 dubio
851 3563 966 3631 animo
989 3561 1160 3649 praecepit,
1186 3561 1276 3627 inter

65 3697 106 3746 ea
120 3696 198 3763 quae
211 3677 329 3744 contra
345 3676 495 3740 metrum
509 3690 638 3739 novum
653 3671 720 3738 dini
740 3672 909 3757 poterant,
929 3671 1003 3738 haec
1017 3668 1158 3755 objecta,
1185 3670 1276 3736 certe

65 3783 299 3873 gravissima:
317 3781 381 3847 boc
394 3798 536 3847 carmen
549 3797 670 3846 verum
688 3796 756 3845 non
773 3797 848 3845 esse
867 3795 1021 3859 versum,
1045 3777 1104 3844 sed
1127 3775 1276 3842 solutam

65 3891 257 3960 orationem
273 3891 306 3955 et
320 3887 433 3973 impar
447 3886 602 3954 futurum
617 3904 692 3953 esse
710 3885 887 3973 generosis
909 3886 943 3950 et
967 3870 1094 3951 teneris
1118 3882 1277 3950 sensibus

66 4000 128 4084 qui
143 3997 331 4084 praevalent
344 3996 379 4062 in
391 3994 506 4062 fabula
517 3992 761 4080 exprimendis.
774 3991 1001 4076 Quamobrem
1017 3990 1063 4056 ita
1078 3988 1278 4057 informavit

65 4124 189 4175 versus
205 4122 275 4171 non
294 4101 455 4168 similiter
476 4101 672 4168 desinentes
690 4103 728 4167 ut
747 4098 818 4166 vim
839 4097 1003 4164 haberent
1024 4095 1277 4163 excelsissimos

66 4217 102 4281 et
125 4209 376 4279 fervidissimus
399 4227 522 4276 sensus
544 4204 719 4274 efferendi.
743 4207 810 4273 Sua
834 4200 948 4270 mente
963 4201 1036 4288 jam
1056 4202 1099 4268 ad
1118 4201 1183 4269 hoc
1203 4200 1276 4268 effr-

66 4320 231 4389 ciendum
246 4334 448 4403 propensus,
470 4333 538 4382 non
558 4315 684 4394 solum,
702 4312 798 4380 nullo
816 4311 917 4378 modo
934 4309 1031 4378 venit
1051 4309 1087 4374 in
1104 4308 1277 4394 vitupera-

65 4426 199 4497 tionem
216 4441 337 4491 eorum
351 4423 411 4508 qui
426 4421 456 4489 ei
469 4421 615 4507 objicere
628 4419 820 4505 potuissent
832 4420 983 4485 metrum
993 4434 1122 4486 novum
1132 4417 1275 4499 lentum,
