3120 5474
598 85 757 146 ...27-

55 257 306 344 superioribus
340 257 439 321 aetate
470 256 616 320 tentatas
651 256 903 338 sequebantur,
939 260 1030 342 quod
1061 259 1085 324 ii
1123 260 1182 342 qui
1220 259 1283 324 has

56 365 218 431 inierant
237 362 384 429 feliciter
404 365 652 446 processerant.
669 363 723 428 Ad
744 381 800 427 res
819 363 996 449 eligendas
1016 364 1282 448 impellebantur

57 469 228 557 praesenti
259 466 462 537 necessitate
490 467 542 533 vel
572 466 718 534 fecundo
746 468 886 555 ingenio
914 470 1003 536 nihil
1031 488 1185 555 unquam
1214 470 1282 536 nisi

59 577 209 644 arbitrio
227 594 290 642 suo
310 573 461 652 facienti,
484 576 517 639 et
534 592 644 657 quum
663 575 726 640 has
746 575 924 662 eligerent,
945 576 1071 642 studiis
1091 595 1168 661 quae
1186 574 1281 662 vige-

60 684 145 751 bant
165 686 201 749 et
221 684 345 748 natura
365 699 425 747 sua
450 680 669 767 regebantur.
699 680 859 765 Undique
884 682 1098 748 venabantur
1126 701 1182 747 res
1205 700 1283 766 quae

61 792 260 876 spectantes
285 786 422 852 allicere
444 788 613 870 poterant,
639 804 725 871 quas
751 790 902 871 repertas
925 787 962 853 in
985 787 1118 854 fabulas
1134 806 1215 853 suas
1233 788 1284 854 in-

60 895 237 963 serebant.
254 893 308 959 Ab
323 890 378 957 his
393 890 539 975 inceptis
554 890 789 957 indesinenter
803 892 969 976 repetitis,
987 893 1030 958 ab
1050 893 1120 958 illis
1135 893 1282 959 diversis

61 982 245 1067 elementis
260 1000 297 1064 in
312 1014 422 1064 unum
433 996 649 1075 consociatis
662 1015 772 1084 genus
785 1016 888 1064 suum
899 998 997 1065 duxit
1007 1000 1126 1065 drama
1137 1017 1278 1077 novum,

61 1125 171 1192 quum
187 1104 374 1189 scriptores
390 1102 461 1167 illis
475 1101 728 1188 conjungendis
743 1107 776 1169 et
790 1104 1040 1188 permiscendis
1058 1123 1158 1190 pares
1177 1123 1280 1190 appa-

62 1216 222 1283 ruerunt.
242 1211 398 1280 Marlovii
413 1215 447 1278 ct
461 1212 687 1296 Shakespeari
703 1213 739 1279 id
754 1212 820 1279 fuit
834 1213 1049 1298 praecipuum
1064 1226 1162 1296 opus.

105 1322 222 1403 Quum
247 1319 360 1405 prima
389 1319 468 1386 novi
497 1319 666 1386 dramatis
695 1321 864 1386 elementa
893 1320 929 1386 in
955 1321 1049 1387 hunc
1076 1321 1218 1387 modurn
1248 1322 1282 1386 et

62 1427 218 1513 undique
233 1425 484 1511 perquirerent,
504 1425 691 1492 britannici
716 1426 901 1510 scriptores
926 1426 1041 1513 gentis
1062 1444 1133 1492 suae
1147 1443 1280 1491 morem

62 1533 241 1621 gerebant,
269 1531 373 1598 simul
401 1550 441 1598 ac
468 1534 629 1598 naturam
659 1550 758 1599 suam
787 1532 958 1599 habebant
987 1532 1124 1600 ducem.
1153 1531 1281 1599 Tainus

63 1638 120 1724 (H.
141 1637 268 1725 Totae)
281 1637 360 1722 jure
375 1637 519 1717 notavit,
537 1637 609 1704 vim
624 1637 796 1725 imagines
809 1637 1015 1725 cogitatione
1030 1637 1183 1725 fingendi
1199 1637 1281 1703 insi-

61 1763 168 1832 gnem
188 1743 296 1810 fuisse
316 1761 435 1810 eorum
454 1743 631 1810 virtutem.
652 1746 728 1811 Non
747 1744 860 1811 solum
880 1745 917 1811 in
934 1744 1110 1811 intellectu
1133 1744 1278 1809 medita-

60 1852 189 1918 bantur
212 1850 379 1916 dramatis
403 1852 524 1916 eventa
548 1850 740 1936 nodosque,
767 1851 826 1917 sed
850 1851 956 1918 etiam
976 1852 1049 1918 haec
1069 1849 1279 1936 effingebant

61 1957 272 2045 cogitatione
290 1956 328 2022 in
344 1955 485 2044 ingenio
502 1975 576 2036 suo,
593 1960 639 2037 et,
661 1960 699 2024 ut
718 1958 765 2025 ita
785 1959 911 2038 dicam,
934 1961 1014 2025 ante
1032 1956 1142 2023 animi
1162 1957 1279 2023 oculos

60 2065 246 2150 ponebant.
268 2064 347 2129 Haec
365 2062 448 2129 talia
468 2063 725 2148 conspiciebant
743 2065 781 2130 in
800 2083 937 2132 scenam
958 2064 1074 2148 qualia
1093 2083 1111 2131 a
1132 2064 1278 2130 scenicis

61 2173 180 2238 actura
198 2171 308 2248 erant,
325 2171 358 2234 et
373 2169 519 2254 quiores
536 2188 575 2236 eo
590 2171 691 2236 modo
709 2171 958 2256 concipiebant,
976 2174 1071 2236 motu
1083 2169 1279 2237 fereneces-

60 2275 154 2344 sario
179 2275 394 2343 inclinabant
414 2277 563 2361 amplius
587 2277 631 2344 ad
654 2278 762 2345 nodos
787 2277 911 2345 fabulae
934 2279 1119 2344 nectendus
1143 2278 1277 2344 solven-

58 2385 192 2468 dosque
211 2401 316 2467 quam
338 2383 380 2449 ad
402 2381 510 2449 animi
534 2400 657 2448 sensus
677 2383 851 2449 subtiliter
866 2383 1097 2467 dispiciendos
1113 2387 1146 2450 et
1163 2385 1278 2450 verbis

58 2489 294 2576 explicandos.
309 2488 407 2556 Unde
421 2507 557 2574 quoque
569 2484 702 2556 factum
717 2493 822 2556 estut
838 2490 998 2574 operibus
1014 2490 1086 2556 suis
1102 2490 1278 2557 induerint

57 2596 210 2663 formam
237 2596 280 2661 ad
310 2595 540 2680 spectantium
567 2595 828 2662 delectationem
858 2596 1087 2680 aptissimam.
1118 2598 1278 2682 Plerique

56 2702 146 2768 meri
162 2700 305 2767 fuerunt
319 2701 490 2782 Britanni,
507 2701 543 2767 id
559 2704 611 2767 est
625 2701 692 2768 viri
708 2702 923 2769 vehementis
938 2703 1116 2787 tristisque
1135 2703 1274 2785 indoliS,

56 2810 144 2874 atrae
157 2825 307 2892 quorum
323 2808 536 2892 assuetaeque
551 2808 614 2874 bili
629 2809 823 2894 interpositi
838 2807 977 2875 fuerunt
988 2809 1115 2874 hilares
1126 2809 1276 2894 impetus

55 2932 121 2999 per
136 2931 223 2998 quos
242 2913 284 2979 ad
301 2931 356 2978 res
371 2913 614 2980 insanissimas
629 2917 662 2980 et
677 2914 969 2981 insolentissimos
987 2915 1148 2999 propensi
1164 2918 1273 2981 erant.

54 3021 228 3087 Caeterum
258 3019 383 3086 horum
413 3019 522 3086 animi
551 3020 643 3086 leves
672 3023 706 3087 et
734 3020 905 3106 inquietes
934 3020 971 3085 in
1001 3020 1140 3107 generis
1172 3020 1275 3087 unius

54 3125 233 3213 angustiis
262 3145 299 3192 se
327 3125 502 3193 continere
530 3145 599 3194 non
627 3128 832 3213 potuissent.
864 3129 1050 3212 Postquam
1084 3127 1275 3210 spectantes

55 3250 160 3300 saevae
175 3232 353 3319 tragoediae
372 3232 552 3301 affectibus
571 3233 798 3322 agitaverant,
815 3233 860 3299 iis
879 3252 965 3318 opus
983 3235 1057 3300 erat
1075 3250 1144 3298 non
1161 3234 1275 3298 solum

54 3339 162 3418 istos,
195 3356 232 3404 se
259 3342 377 3406 autem
405 3340 498 3426 ipsos
529 3358 684 3407 recreare
716 3340 895 3407 nonnullis
928 3338 1134 3406 scurrilibus
1162 3338 1275 3404 scenis

36 3440 187 3531 'quibus
202 3445 401 3512 relaxabant
416 3464 539 3513 nervos
551 3449 735 3532 antequam
750 3465 806 3513 res
817 3446 967 3534 tragicas
977 3446 1104 3512 iterum
1119 3447 1272 3532 agerent.

54 3551 92 3618 Si
107 3569 178 3617 non
192 3552 342 3619 traditus
353 3552 475 3620 fuisset
488 3573 507 3620 a
523 3552 713 3638 majoribus
724 3573 799 3621 mos
809 3553 959 3621 comicas
970 3553 1121 3621 rationes
1132 3550 1274 3639 tragicis

53 3657 241 3735 miscendi,
259 3657 353 3725 hunc
367 3666 449 3726 sa'ne
464 3660 689 3727 invenissent.

98 3763 179 3829 Dixi
200 3762 263 3829 hos
279 3763 462 3849 scriptores
476 3765 638 3850 praeditos
658 3765 765 3832 fuisse
783 3765 932 3833 violento
952 3765 1068 3833 animo
1089 3765 1272 3831 vehemen-

51 3871 151 3956 tique
174 3869 316 3956 ingonio
340 3890 417 3956 quae
440 3872 535 3958 genti
554 3892 626 3939 suae
649 3876 772 3940 natura
788 3872 917 3939 tributa
939 3872 1086 3939 fuerant.
1107 3870 1197 3937 Vitia
1212 3871 1272 3937 illa

50 3978 166 4045 multo
182 3977 297 4062 magis
312 3977 463 4065 insignia
478 3978 618 4046 fuerunt
641 3980 679 4045 in
702 3980 746 4045 iis
769 3999 872 4064 quam
900 3980 937 4045 in
962 3977 1104 4062 reliquis
1123 3976 1270 4056 civibus,

48 4085 197 4172 propter
211 4083 362 4150 solutum
373 4085 617 4170 turbatumque
631 4086 832 4171 reipublicae
846 4088 976 4152 statum
986 4104 1053 4168 quo
1063 4086 1134 4150 tam
1147 4082 1272 4149 acriter

46 4191 138 4260 moti
171 4189 367 4274 mutatique
393 4190 530 4258 fuerant
557 4211 662 4276 quam
690 4193 750 4278 qui
775 4193 938 4259 maxime.
964 4191 1064 4258 Nulla
1093 4193 1272 4274 supererat

44 4297 269 4386 religionum
285 4298 318 4361 et
335 4315 473 4364 morum
488 4297 682 4382 disciplina.
700 4299 884 4365 Delebatur
897 4297 1074 4365 catholicae
1089 4295 1271 4383 religionis

41 4401 263 4494 imperium,
290 4403 324 4468 et
346 4403 533 4469 auctoritas
558 4404 738 4493 religionis
765 4423 843 4492 quae
870 4403 1051 4490 re'sorme'e
1081 4401 1210 4470 dicitur
1237 4405 1271 4470 et
