3120 5474
703 439 862 501 -Μ-

168 608 357 677 manifesto
391 606 614 695 jucundiores
656 606 784 675 fiebant
820 628 924 694 quam
963 627 1140 676 sacrorum
1183 607 1388 694 spectacula.

169 718 316 782 illarum
357 715 553 781 fabularum
591 719 796 802 argumenta
829 716 969 802 egregie
1003 733 1254 800 nonnunquam
1289 734 1390 780 orna-

168 823 299 889 bantur
328 825 361 888 et
389 821 548 888 animum
577 822 755 906 scriptoris
789 823 984 888 humanum
1012 825 1046 887 et
1074 823 1286 907 exquisitum
1316 840 1392 888 csse

169 929 406 995 declarabant.
424 929 537 1009 Quum
555 927 672 1004 Maria,
690 927 786 1016 regia
802 928 901 1014 virgo
916 928 1163 994 Britannorum
1179 932 1213 994 et
1229 927 1391 994 Ludovici

169 1035 382 1114 duodecimi,
400 1033 567 1100 Gallicani
583 1034 688 1120 regis,
703 1052 839 1118 sponsa,
858 1035 1029 1100 Lutetiam
1046 1034 1235 1100 solenniter
1245 1033 1389 1110 introiit,

169 1141 296 1208 fratres
320 1140 467 1207 Perfecti
494 1138 557 1225 (les
577 1139 698 1225 freres
722 1140 887 1227 Porfot't)
916 1144 1059 1206 narrant
1079 1141 1293 1206 Parisienses
1313 1143 1392 1206 ante

170 1248 289 1314 oculos
305 1247 379 1330 ejus
397 1246 556 1332 posuisse
576 1247 804 1313 simulacrum
825 1248 938 1312 lilium
959 1245 1149 1315 formosum
1170 1249 1391 1329 rosetumque

169 1354 260 1420 rosis
275 1353 460 1438 purpureis
476 1352 629 1419 nitidum
644 1351 824 1440 effingens

215 1553 229 1584 «
247 1532 288 1592 Et
302 1529 382 1592 dans
399 1549 442 1592 un
459 1536 561 1603 autre,
583 1533 603 1590 a
627 1531 657 1591 la
681 1537 770 1610 porte
794 1531 903 1609 royale
927 1529 968 1592 du
992 1529 1108 1607 Palaia,
1125 1528 1212 1590 auoit
1233 1548 1277 1590 un
1297 1539 1393 1608 grant

169 1629 366 1701 Eschaffaut,
393 1648 433 1689 au
463 1629 537 1708 plus
563 1628 641 1689 haut
664 1628 780 1708 duquel
804 1628 897 1689 estoit
917 1629 1022 1708 l’ange
1047 1627 1186 1699 Gabriel,
1212 1627 1340 1688 saluant
1362 1627 1393 1687 la

170 1727 281 1805 vierge
302 1726 406 1787 Maria
425 1745 465 1787 en
490 1725 607 1805 disant,
632 1726 715 1802 Ace,
736 1725 851 1806 pratia
860 1727 972 1807 plena,
993 1733 1024 1787 et
1042 1724 1134 1787 entre
1149 1725 1232 1786 deux
1248 1724 1333 1787 auoit
1347 1743 1391 1787 un

169 1824 252 1886 beau
267 1825 332 1904 Lys
343 1821 365 1886 ¹.
385 1847 398 1877 »

214 1994 290 2059 Non
322 1992 360 2058 in
387 1991 614 2077 pantomimis
642 1992 726 2058 solis
754 1991 896 2077 prolana
930 1992 968 2058 in
995 1991 1127 2078 majore
1155 1993 1267 2079 gratia
1301 1993 1391 2078 apud

168 2116 292 2165 omnes
315 2101 414 2165 erant
438 2116 546 2182 quam
566 2116 674 2178 sacra,
700 2100 787 2165 etin
809 2099 883 2166 dies
908 2099 963 2165 his
985 2099 1233 2167 miscebantur.
1261 2101 1307 2165 lis
1330 2099 1390 2185 qui

168 2224 251 2271 vera
267 2205 427 2291 Mysteria
442 2204 675 2290 llliraculaque
691 2207 840 2292 agebant
859 2208 913 2273 vel
929 2208 1179 2292 componebant
1201 2224 1270 2273 non
1291 2205 1391 2272 aliter

167 2312 339 2396 placebat.
364 2312 429 2378 Sed
456 2330 499 2378 ne
528 2312 759 2397 spectantium
783 2316 917 2380 mentes
939 2314 1188 2381 confunderent
1211 2313 1265 2380 vel
1293 2311 1392 2378 laede-

169 2421 248 2484 rent
268 2437 286 2484 a
307 2421 420 2486 vetere
439 2436 537 2485 more
556 2419 804 2499 dissentiendo,
830 2423 863 2485 et
886 2419 1032 2487 fortene
1047 2421 1206 2487 venirent
1226 2419 1260 2485 in
1277 2418 1390 2503 suspi-

167 2526 305 2592 cionem
321 2526 551 2605 sacerdotum‚
569 2545 632 2592 nec
652 2530 782 2610 aperte,
802 2545 865 2593 nec
879 2528 1024 2612 abrupte
1043 2528 1080 2593 in
1096 2527 1208 2594 locum
1224 2525 1390 2611 posterio-

167 2651 250 2697 rum
266 2632 521 2698 substituerunt
535 2632 662 2716 priom,
677 2633 808 2698 sensim
818 2653 899 2700 vero
910 2638 955 2712 et,
973 2636 1012 2700 ut
1026 2635 1073 2700 ita
1088 2634 1214 2711 dicam,
1232 2633 1388 2699 obscure.
1485 2630 1488 2639 '

167 2741 366 2822 Antequam
378 2738 593 2825 tragicasvel
605 2738 1113 2823 comicasfabulasseriberent,
1123 2759 1250 2828 genera
1261 2739 1389 2816 media,

167 2847 273 2913 idest
291 2844 425 2910 fabulas
439 2863 517 2930 quae
533 2845 696 2912 dicuntur
716 2847 842 2912 llorale
860 2849 1006 2913 Carmen
1023 2845 1219 2933 (Morolt'te')
1237 2849 1271 2912 et
1285 2848 1392 2911 lnter-

167 2953 274 3019 ludus
298 2951 517 3036 (interludo,
535 2949 759 3038 Intermede)
781 2955 1012 3021 tentaverunt.
1036 2954 1266 3041 Ingrediendo
1285 2953 1390 3018 etiam

168 3061 235 3125 hoc
254 3059 321 3124 iter
337 3057 557 3142 providenter
572 3062 824 3143 processerunt.

213 3166 259 3232 Ut
273 3165 434 3250 Mysteria
450 3168 654 3232 renovarent
671 3168 704 3231 et
724 3165 901 3247 Miracula,
918 3185 996 3251 quae
1021 3166 1095 3232 sine
1114 3166 1219 3233 dubio
1238 3165 1390 3232 obsoleta

166 3272 389 3351 videbantur,
406 3272 560 3356 primurn
580 3274 748 3355 quasdam
773 3273 947 3340 finxerunt
970 3292 1135 3358 personas
1158 3290 1308 3358 quarum
1326 3289 1389 3357 ope

168 3379 405 3446 induebantur
424 3378 578 3445 humano
597 3381 696 3445 vultu
721 3382 754 3445 et
769 3398 911 3465 corpore
933 3380 1066 3446 notitiae
1085 3379 1266 3446 abstractae
1288 3380 1321 3443 et
1336 3378 1389 3442 in-

166 3484 365 3570 corporales
386 3485 582 3570 aliquorum
601 3485 710 3551 animi
735 3504 903 3553 sensuum
918 3489 978 3553 aut
993 3486 1234 3573 cogitationes.
1259 3484 1388 3571 HuJus-

167 3591 305 3658 cemodi
340 3594 433 3670 sunt,
473 3591 563 3676 apud
600 3592 855 3658 Coventriensia
883 3592 1057 3678 Mysteria,
1087 3609 1244 3677 personae
1274 3594 1390 3676 partes

165 3698 330 3777 Justitiae,
378 3697 634 3776 Misericordiae,
675 3699 838 3764 Veritatis
871 3699 1038 3784 Pacisque
1067 3700 1221 3784 agentes,
1261 3696 1390 3781 quibus

165 3804 326 3891 personis
360 3822 440 3871 cum
467 3808 583 3870 sancta
607 3804 774 3870 Trinitate
802 3805 839 3871 in
869 3805 999 3872 coelesti
1028 3805 1154 3871 Senatu
1187 3802 1390 3887 disceptatio

167 3912 412 3994 contentioque
440 3911 559 3996 magni
594 3911 756 3996 ponderis
782 3915 846 3991 est,
886 3914 946 3978 aut
972 3913 1064 3978 Mors
1100 3929 1183 3977 nece
1210 3909 1390 3994 repentina

166 4017 324 4085 afficiens
347 4035 467 4102 regem
487 4018 662 4083 Heredum
683 4037 702 4083 a
727 4018 934 4085 satellitibus
953 4018 1026 4084 suis
1046 4021 1194 4103 septum.
1222 4019 1391 4100 Frequen-

166 4123 307 4190 tissima
339 4126 420 4188 sunt
444 4124 535 4207 apud
559 4124 699 4208 eosqui
723 4125 831 4190 medii
854 4125 918 4192 aevi
940 4125 1154 4209 temporibus
1177 4123 1391 4206 scripserunt

166 4230 229 4296 illa
246 4229 416 4314 colloquia
432 4228 619 4316 jurgiaque
638 4249 864 4316 personarum
879 4250 956 4316 quae
972 4231 1122 4316 speciem
1136 4230 1389 4296 abstractarum

165 4336 223 4403 vel
257 4336 528 4420 incorporalium
562 4337 764 4403 notitiarum
790 4337 900 4404 oculis
934 4336 1134 4422 subjiciunt.
1167 4336 1260 4401 Inter
1281 4334 1388 4401 latina

165 4441 327 4511 carmina
341 4461 419 4526 quae
434 4445 601 4528 putantur
612 4463 630 4509 a
641 4444 812 4510 Gulielmo
826 4446 923 4530 Mape
938 4439 1244 4531 (WolterMopes)
1263 4441 1388 4524 scripta

163 4548 291 4632 fuisse,
319 4549 541 4634 reperiuntur
569 4575 584 4609 «
612 4549 805 4634 Disputatio
828 4551 920 4616 inter
937 4551 1069 4634 Corpus
1088 4551 1122 4613 et
1142 4546 1329 4612 animam»
1355 4549 1389 4611 et

196 4789 207 4824 ¹
224 4786 348 4838 Histoire
360 4786 397 4838 du
414 4786 524 4838 Theatra
537 4787 673 4853 franceis,
686 4792 705 4841 t.
721 4790 752 4851 ll,
767 4805 794 4857 p.
808 4788 864 4841 170.
