3120 5474
594 81 750 143 ...91-

66 251 185 338 stipem
210 252 444 319 emendicaret
468 271 486 318 a
511 251 648 338 populo.
674 254 713 319 ln
737 253 881 320 Theatro
904 251 959 319 cui
990 252 1274 340 Cartare-scope

65 378 199 440 nomen,
216 360 387 427 ludicram
410 363 520 427 artem
541 350 705 428 exercuit.
728 361 840 442 Quum
860 359 1124 446 autch'uveuis
1139 363 1229 428 esset
1242 363 1276 428 et

63 466 210 534 comicas
232 470 349 555 partes
367 469 499 557 ageret,
524 486 605 534 crus
628 486 730 534 suum
754 467 870 555 fregit.
894 467 1121 535 crediderunt
1144 467 1273 554 plures,

62 573 151 663 quod
174 572 318 659 quidem
343 570 531 639 verisimile
552 571 701 652 videtur,
726 591 804 639 eum
830 591 912 639 casu
933 572 993 640 illo
1016 570 1145 640 sactum
1168 572 1275 641 luisse
1389 650 1391 654 ,

61 699 161 747 crure
176 679 329 751 debilem
344 683 377 745 et
391 677 598 766 impeditum
617 677 724 746 luisse
743 679 930 766 quominus
950 698 1089 747 scenam
1112 680 1149 747 in
1163 683 1275 766 postc-

59 805 138 859 rum
163 786 349 855 incederet.
375 785 429 854 Ad
444 784 633 852 Robertum
657 787 829 853 Greenum
848 786 954 871 isqui
970 787 1112 874 vulgare
1136 805 1275 855 carmen

60 890 202 979 scripsit
224 890 348 963 deinde
366 893 509 979 spectat,
535 891 621 958 etei
644 891 764 959 eadem
792 891 940 959 crimina
963 892 1137 974 inferens,
1162 893 1273 962 dicit:

59 997 224 1070 Marlovio
239 997 306 1067 fuit
323 998 456 1067 amicus
471 998 645 1082 quondam
661 997 799 1085 juvenis
816 1001 850 1067 et
863 998 987 1066 viridis
1003 997 1182 1086 (Greeoeh
1203 1004 1275 1069 tarn

59 1105 206 1179 vitiosus
229 1123 335 1191 quam
358 1104 419 1190 qui
441 1105 613 1187 maxime,
640 1105 889 1191 hominumque
914 1125 934 1173 a
958 1105 1098 1174 foemina
1118 1110 1274 1175 ortorum

59 1213 246 1299 pessimus.
265 1211 395 1278 Deinde
411 1212 452 1278 ad
468 1212 684 1297 propositum
704 1230 807 1279 suum
829 1212 930 1291 redit,
947 1216 981 1279 et
994 1232 1103 1299 quum
1118 1213 1273 1282 Marlovii

59 1319 297 1387 miserandam
320 1335 440 1386 necem
461 1319 628 1396 narravit,
646 1319 720 1387 haec
737 1318 907 1405 subjicit:
932 1320 1275 1408 cantabrigiensibus

58 1425 218 1504 Athenis,
241 1425 277 1492 in
296 1425 435 1493 civitate
449 1425 492 1491 ob
509 1425 655 1492 eximias
669 1426 805 1493 scholas
820 1429 973 1512 pernota,
995 1429 1139 1495 moleste
1160 1426 1276 1496 lerunt

58 1551 138 1599 eum
161 1533 199 1599 in
219 1532 317 1599 urbis
341 1533 432 1600 ludis
455 1534 656 1600 institutum
673 1532 780 1600 luisse
796 1535 829 1598 et
852 1530 1031 1618 deplorare
1055 1535 1165 1602 solent
1183 1535 1274 1621 quod

56 1639 160 1706 arbor
175 1657 282 1724 quam
298 1639 387 1706 bono
402 1640 519 1706 animo
537 1639 778 1717 excoluissent,
795 1657 865 1706 non
880 1657 995 1720 sanos,
1013 1640 1073 1707 sed
1089 1644 1273 1708 venenatos

57 1746 192 1813 tructus
220 1746 391 1835 genuerit.
417 1746 617 1824 Postmodo,
642 1746 769 1814 oblitus
792 1764 867 1813 rem
886 1745 1012 1815 honam
1033 1766 1102 1832 qua
1125 1746 1273 1833 improbi

56 1852 157 1923 abusi
174 1853 268 1931 sunt,
286 1854 507 1938 praestantem
530 1855 647 1922 tamen
671 1853 783 1939 seipsa
807 1871 1022 1941 permanere.
1049 1856 1081 1921 et
1101 1853 1274 1943 improbo·

56 1977 137 2026 rum
151 1959 293 2044 culpam
307 1977 375 2026 non
392 1959 428 2026 iu
442 1960 567 2046 probos
582 1960 803 2049 relegandam
815 1978 901 2041 esse,
915 1961 987 2028 haec
1001 1961 1153 2049 amplius
1167 1960 1271 2030 dicit:

61 2091 77 2126 a
96 2066 171 2133 ...Si
189 2066 340 2151 patriam
355 2069 464 2133 artem
487 2066 678 2147 didicisset,
699 2084 767 2133 non
787 2067 891 2133 talem
911 2067 1129 2135 occubuisset
1155 2086 1273 2135 necem

58 2175 93 2240 et
118 2176 237 2258 partes
265 2177 336 2241 tam
364 2173 580 2240 miserandas
611 2192 680 2241 non
705 2173 844 2261 egisset.
869 2200 883 2232 »
910 2175 950 2240 Et
978 2193 1115 2241 carmen
1141 2174 1275 2261 perficit

57 2280 181 2349 multis
196 2283 232 2348 et
245 2280 375 2348 severis
392 2280 573 2348 sententiis
596 2299 674 2366 quae
692 2280 735 2348 ad
760 2280 965 2368 religionem
989 2282 1024 2347 et
1041 2297 1157 2346 mores
1170 2279 1274 2366 perti·

59 2390 177 2456 nont¹.

103 2495 194 2566 Huic
207 2493 355 2561 carmini
370 2493 558 2582 adjungam
575 2498 612 2561 ut
628 2495 664 2562 in
680 2493 755 2580 ejus
770 2495 885 2562 locum
899 2495 1149 2579 supponantur,
1168 2492 1274 2560 sicri-

59 2601 119 2668 tici
132 2601 374 2668 demonstrant
389 2601 423 2668 id
439 2600 570 2670 laisum
589 2620 676 2679 esse,
696 2605 855 2687 excerpta
869 2601 1029 2687 quaedam
1043 2618 1085 2666 cx
1100 2617 1201 2686 opero
1217 2599 1274 2666 cui

59 2708 184 2775 titulus
204 2727 214 2775 ς
240 2707 396 2775 Thcotro
414 2707 458 2794 of
467 2708 575 2777 God's
589 2707 811 2794 Jndpemerct
831 2707 959 2794 (1597).
978 2709 1048 2774 Hoc
1063 2725 1150 2791 opus
1167 2705 1274 2790 scrip·

60 2819 136 2881 tum
154 2813 256 2881 suita
276 2815 406 2882 Beardo
417 2815 440 2893 ²,
456 2814 618 2900 puritano
641 2816 749 2882 altero
769 2815 828 2901 qui
853 2814 1027 2882 horridior
1050 2814 1164 2880 adhuc
1185 2815 1270 2889 erat,

59 2923 93 2988 et
112 2919 215 3007 cujus
228 2921 353 3002 verba,
373 2920 488 3006 inquit
501 2920 732 3004 Villemanus,
752 2920 858 2989 atroci
879 2921 1006 2989 virtute
1025 2919 1271 2988 incenduntur.

60 3026 225 3107 Quamvis
240 3031 396 3112 excerpta
416 3028 472 3094 illa
488 3028 576 3095 nihil
592 3027 789 3095 inauditum
805 3027 968 3104 referant,
978 3029 1131 3094 attamen
1146 3044 1187 3093 ox
1201 3025 1272 3091 illis

59 3132 209 3221 intelligi
229 3136 360 3218 potest,
385 3153 462 3221 quae
485 3133 598 3227 fuerit
613 3134 740 3201 iisdem
763 3134 977 3220 temporibus
1001 3132 1271 3219 asperrimorum

59 3238 150 3306 inter
164 3239 349 3307 Puritanos
363 3240 480 3325 opinio
494 3240 537 3307 de
552 3239 706 3307 Marlovii
723 3259 806 3307 nece
823 3261 831 3306 :

102 3417 115 3447 ι
131 3396 198 3464 Not
213 3393 346 3457 inferior
361 3404 392 3458 to
408 3415 467 3476 any
482 3395 516 3458 ol
525 3395 576 3459 the
591 3394 710 3459 former
721 3396 755 3457 in
769 3394 922 3458 atheisme
935 3394 997 3458 and
1009 3393 1159 3474 impietie,
1171 3391 1274 3475 inquit

59 3492 219 3566 Beer-dus,
235 3492 298 3555 and
317 3495 410 3577 oqual
432 3504 464 3555 to
479 3496 508 3556 al
531 3495 565 3554 in
584 3514 698 3556 maner
713 3493 748 3555 of
756 3491 974 3575 punishment,
999 3502 1071 3555 was
1086 3511 1147 3556 one
1162 3489 1196 3553 of
1214 3510 1274 3553 our

57 3611 135 3653 own
151 3591 275 3668 nation,
293 3590 327 3654 ol
335 3590 420 3654 fresh
435 3591 497 3654 and
513 3594 574 3654 late
589 3592 754 3671 memorie,
771 3590 871 3654 called
886 3590 1006 3653 Marlin
1018 3590 1066 3670 (in
1079 3591 1133 3652 the
1146 3588 1271 3670 margin

56 3689 250 3770 inscriptum
272 3697 321 3752 est
345 3711 352 3749 :
379 3688 543 3771 Marlow),
559 3689 596 3769 by
614 3688 792 3771 profession
810 3686 990 3761 ascholler,
1011 3722 1049 3730 -
1072 3683 1208 3766 brought
1229 3704 1272 3766 up

57 3783 141 3847 from
165 3784 216 3848 his
235 3785 329 3865 youth
352 3786 385 3848 in
405 3785 456 3850 the
477 3787 673 3850 Universitie
697 3785 731 3849 ol
753 3786 953 3869 Cambridge,
970 3786 1026 3849 but
1048 3785 1085 3865 by
1103 3783 1273 3866 proctisea

56 3881 317 3965 plasmatorem
332 3905 352 3947 a
367 3897 439 3966 poet
453 3884 488 3948 of
499 3885 682 3963 scurrilitie,
697 3883 771 3948 who
786 3885 822 3964 by
836 3885 949 3966 giving
963 3894 1015 3948 too
1030 3886 1117 3964 large
1131 3901 1152 3944 a
1165 3879 1272 3960 swing

56 3994 91 4050 to
106 3979 156 4048 cis
170 4000 266 4047 ownc
279 3983 345 4060 wit,
371 3983 434 4049 and
457 3984 612 4064 suffering
630 3981 681 4049 his
704 3984 767 4047 lust
788 3990 819 4049 to
834 3982 914 4046 heve
928 3983 982 4049 the
1004 3980 1062 4049 full
1085 3978 1203 4056 reines,
1220 3975 1272 4042 fell

57 4079 133 4158 (not
146 4077 282 4149 without
302 4081 368 4161 just
390 4079 506 4161 desert)
530 4096 562 4149 to
580 4083 647 4145 thet
670 4091 805 4162 outrage
826 4080 1097 4152 andennense,
1123 4074 1191 4145 that
1215 4073 1272 4139 hee

92 4273 170 4324 ¹h0c
183 4285 297 4324 carmen
307 4273 429 4325 invenies
438 4273 467 4324 in
481 4274 553 4324 notis
563 4273 620 4339 (hd.

92 4351 236 4404 ²Thomas
251 4352 334 4404 Beard
349 4352 395 4403 the
410 4353 532 4415 Puritau‚
548 4353 650 4405 Olivier
661 4353 824 4405 Cromwell’s
838 4355 913 4402 tutor
927 4350 1047 4414 (Butler,
1060 4349 1116 4400 The
1129 4346 1230 4402 Works
1243 4343 1273 4394 ol

57 4431 241 4497 Christopher
254 4431 388 4494 Marlowe,
403 4433 456 4485 rol.
472 4433 495 4494 l,
509 4448 535 4498 p.
550 4433 621 4495 hun).
