3120 5474
703 432 878 497 -rln-

234 607 272 674 ln
296 623 432 675 summa
455 603 604 674 arbitror
625 621 683 672 eos
705 602 766 691 qui
791 603 1003 691 scripserunt
1024 603 1096 672 rte
1120 603 1332 675 Contentinn
1350 605 1377 670 et

194 712 264 780 Tite
282 714 375 781 True
392 712 561 801 Traqedy
576 711 712 800 ignotos
726 729 813 791 esse,
830 710 1018 797 quamvise
1031 709 1241 797 quibusdam
1254 710 1379 779 indiciis

190 818 254 886 hoc
269 818 433 904 consequi
447 817 615 898 videatur,
633 822 671 885 ut
687 819 838 885 Greenus
853 817 915 884 has
929 816 1063 885 fabulas
1082 817 1118 884 in
1139 820 1251 885 toturn
1273 819 1327 886 vel
1348 837 1382 885 11

188 927 286 1010 parte
308 924 494 1010 scripserit.
522 925 690 993 Existimo
713 923 852 991 Henrici
876 923 968 991 Sexti
988 923 1175 992 secundam
1199 927 1234 990 et
1256 925 1384 992 tertiam

187 1034 319 1115 partem
338 1031 457 1099 ductas
480 1030 587 1099 luisse
612 1050 631 1098 1
654 1029 779 1097 fabulis
804 1030 874 1098 The
899 1031 1115 1100 contentiori
1141 1034 1175 1098 et
1202 1031 1274 1099 Tne
1301 1034 1386 1100 True

190 1137 359 1224 Trnpedy
386 1136 578 1224 inscriptis,
608 1155 686 1223 quae
712 1136 768 1203 his
794 1136 1092 1205 emendationibus
1119 1156 1331 1226 magnopere
1357 1138 1388 1205 in

187 1240 311 1309 melius
329 1246 471 1311 mutatae
494 1243 643 1311 luerunt.
665 1242 692 1310 li
716 1241 776 1330 qui
799 1245 921 1330 putant
944 1242 1083 1311 Henrici
1109 1243 1202 1311 Sexti
1225 1248 1340 1330 partes
1358 1245 1390 1312 in

185 1347 458 1434 Shakespearum
482 1348 703 1417 conserendas
726 1365 813 1429 esse,
838 1349 924 1415 mihi
949 1348 1099 1417 rationes
1122 1349 1336 1419 verisimiles
1353 1371 1390 1419 ex

184 1454 323 1522 indiciis
346 1456 549 1525 concludere
571 1456 742 1524 videntur.
769 1456 836 1523 Res
859 1460 974 1524 tamen
1003 1455 1047 1523 ad
1072 1460 1206 1524 certum
1236 1476 1308 1526 non
1334 1460 1390 1526 de·

184 1561 284 1629 ducta
300 1560 378 1643 luit,
399 1566 433 1630 et
450 1581 470 1629 1
487 1563 594 1630 nullis
614 1562 752 1631 indiciis
770 1561 955 1631 Marlovius
971 1565 1112 1649 apparet
1129 1563 1261 1632 laboris
1280 1566 1392 1635 socius

183 1666 302 1736 luisse.

226 1776 314 1845 Aliae
327 1776 451 1844 tabulae
465 1776 501 1843 in
520 1777 723 1846 Marlovium
740 1777 852 1845 adhuc
874 1775 1116 1857 conseruntur;
1143 1778 1252 1846 nullis
1276 1782 1393 1851 autem

183 1883 390 1951 testimoniis
404 1885 508 1953 certis
522 1881 726 1972 conjecturae
743 1883 811 1951 illae
825 1883 1085 1952 confirmantur.
1103 1886 1171 1953 Res
1187 1886 1307 1954 tamen
1326 1906 1394 1958 uon

182 1989 360 2072 hactenus,
386 1993 425 2058 ut
447 1989 580 2076 opinor,
604 1993 737 2071 notata,
762 1990 969 2059 sententiam
992 1989 1144 2076 adjuvat.
1171 1994 1238 2060 Per
1262 2013 1395 2064 annum

182 2096 220 2162 P.
245 2097 281 2164 C.
306 2098 346 2163 N.
372 2097 599 2165 millesimum
622 2098 941 2185 quingentesimum
956 2098 1221 2186 nonagesimum
1238 2101 1395 2187 primurn

183 2205 294 2296 (1591)
311 2210 345 2274 11
359 2225 564 2293 perannum
588 2212 787 2294 sequentem
811 2208 871 2293 qui
893 2207 1042 2293 proximi
1067 2211 1147 2275 sunt
1169 2207 1263 2274 inter
1282 2226 1395 2277 annos

181 2314 284 2381 morti
303 2332 374 2382 suae
389 2313 594 2399 superiores,
610 2314 795 2381 Marlovius
809 2312 881 2399 qui,
897 2332 958 2400 per
979 2331 1088 2381 annos
1109 2315 1392 2398 auteceudentes,

180 2418 314 2486 fabulas
341 2420 545 2506 scripserat,
575 2419 711 2487 nullum
742 2421 863 2488 drama
886 2420 1120 2508 composuisse
1142 2420 1296 2503 videtur,
1324 2424 1393 2491 nisi

179 2524 315 2592 Caedem
330 2525 571 2605 parisiensem,
588 2525 617 2591 si
632 2524 733 2594 modo
748 2526 822 2594 haec
835 2525 949 2595 fabula
965 2529 1078 2596 solum
1092 2545 1183 2595 anno
1199 2529 1393 2598 millesimo

180 2631 457 2720 quingentesimo
485 2632 709 2719 nonagesimo
733 2633 833 2701 tertio
857 2632 971 2724 (1593)
996 2635 1136 2703 ineunte
1160 2639 1237 2702 acta
1265 2635 1388 2718 fuerit,

179 2739 270 2825 quod
288 2739 384 2806 nullo
402 2738 504 2806 modo
523 2741 667 2807 constat.
688 2741 762 2806 Non
783 2740 973 2809 verisimile
994 2747 1046 2810 est
1077 2759 1170 2821 eum,
1205 2742 1263 2810 cui
1291 2763 1390 2830 spec·

179 2850 290 2914 111111
312 2846 485 2929 favebant,
516 2846 648 2913 nullam
674 2846 717 2913 ob
750 2865 907 2928 causam,
936 2850 971 2914 at
1001 2847 1121 2915 saltem
1145 2849 1387 2934 manifestam,

179 2970 316 3022 scenam
332 2954 567 3041 dereliquisse,
584 2957 618 3022 et
635 2972 691 3022 res
705 2953 792 3023 10111
810 2959 882 3022 orta
900 2958 952 3024 est
970 2973 1065 3024 exeo
1084 2956 1176 3043 quod
1199 2957 1289 3026 duos
1309 2959 1389 3029 illos

177 3079 286 3129 annos
299 3061 343 3129 ad
361 3061 556 3149 antiquiora
579 3061 735 3130 dramata
758 3063 971 3131 emendanda
994 3062 1049 3131 vel
1073 3062 1258 3132 reficienda
1285 3066 1387 3135 adhi-

176 3167 262 3236 buit.

219 3276 312 3342 Inter
324 3276 480 3344 dramata
494 3274 564 3355 illa,
581 3278 783 3344 numeratur
792 3274 907 3344 tabula
925 3275 995 3344 The
1008 3275 1386 3367 Troeotesomenetpn

176 3381 219 3469 of
226 3381 333 3462 tono,
349 3383 451 3470 Ktnp
466 3380 509 3468 os
516 3381 694 3469 Enqtand
708 3381 886 3469 inscripta,
906 3400 1010 3469 quam
1035 3383 1294 3470 Shakespearus
1313 3404 1385 3456 non

174 3489 331 3557 imitatus
345 3493 409 3569 est,
426 3489 485 3558 sed
499 3487 628 3557 refecit.

218 3597 246 3663 li
275 3596 335 3682 qui
362 3596 399 3664 in
426 3596 491 3664 hac
519 3596 687 3664 sententia
716 3600 797 3665 sunt
825 3596 991 3685 allegant,
1021 3599 1060 3663 ut
1087 3597 1176 3664 hanc
1203 3600 1379 3680 tutentur,

173 3704 359 3792 quemdam
377 3702 501 3771 fabulae
520 3704 632 3771 locum
657 3721 724 3790 quo
747 3704 974 3790 spectantium
994 3703 1233 3771 benevolentia
1252 3706 1380 3775 sollici-

172 3815 276 3891 tatur,
297 3813 385 3879 etex
400 3828 467 3897 quo
482 3809 579 3897 sequi
594 3809 731 3880 videtur
744 3813 784 3879 ut
796 3809 911 3879 sabula
926 3810 969 3878 ab
987 3829 1027 3879 eo
1046 3811 1106 3897 qui
1131 3811 1379 3882 Tamerlanum

173 3917 311 4005 scripsit
324 3917 511 4005 composita
526 3916 642 3985 fuerit.

291 4116 304 4147 «
322 4093 393 4155 You
407 4091 475 4155 that
488 4091 567 4154 with
580 4090 716 4172 friendly
729 4111 825 4174 grace
839 4089 873 4156 01
884 4091 1049 4155 smoothed
1062 4090 1153 4157 hrow

287 4193 378 4255 Have
392 4188 587 4254 entertained
606 4191 673 4253 Tne
687 4189 850 4272 Scythico
869 4190 1109 4267 Tnmburlaine,

286 4289 359 4352 And
372 4288 468 4372 given
483 4288 634 4370 applause
648 4294 724 4351 unto
739 4308 781 4351 an
795 4287 913 4368 infidel,

285 4385 467 4450 Vouchsafe
480 4392 512 4448 to
526 4386 678 4449 welcome
692 4386 771 4448 with
783 4386 847 4449 like
861 4393 1010 4467 courtesy

285 4487 313 4547 A
327 4485 462 4549 warlike
476 4481 636 4548 Christian
650 4483 712 4548 and
726 4502 807 4566 your
820 4493 1045 4566 countryman.
1068 4506 1081 4539 »

210 4666 373 4738 Bullenus
390 4666 523 4737 10111111
540 4667 698 4756 repudiat
720 4665 810 4739 hanc
830 4667 1061 4758 conjecturam
1083 4668 1118 4738 et
1140 4665 1279 4739 indiciis
1298 4663 1370 4736 illis

167 4776 271 4846 aliam
284 4772 600 4864 interpretationem
615 4775 744 4865 adjicit.
