3120 5474
772 404 929 468 44..

243 581 468 665 amplumque
498 578 688 645 concedunt
717 578 829 643 locum
858 576 1010 643 mimicis
1035 574 1123 661 jocis
1153 577 1185 641 et
1218 574 1351 641 facetiis
1381 593 1458 660 quae

244 687 368 754 labulac
388 704 457 752 non
475 685 683 771 religantur,
711 683 779 749 nisi
804 682 860 749 filo
881 687 951 750 tam
972 682 1066 749 tenui
1087 685 1125 748 ut
1145 701 1236 767 saepe
1256 683 1323 748 sub
1342 683 1459 750 oculos

241 793 300 860 vix
320 792 429 858 eadat.

287 898 426 964 Duabus
446 898 517 964 illis
532 898 624 965 notis
639 899 759 966 drama
773 917 902 966 novum
920 897 1056 984 insigne
1071 900 1134 978 est,
1155 900 1189 963 et
1210 900 1359 983 utraque
1374 896 1430 963 inf
1447 932 1462 946 -

243 1003 344 1069 rioris
369 1004 537 1071 indicium
561 1010 613 1071 est
637 1006 738 1084 artis,
766 1024 843 1088 quas
865 1004 1119 1070 accommodata
1144 1002 1270 1069 suited
1292 1004 1409 1071 studia
1430 1006 1463 1070 et

243 1109 454 1176 intellectum
471 1112 587 1195 populi
609 1111 728 1178 inculti
745 1113 779 1177 et
798 1111 953 1177 moribus
968 1108 1049 1175 ferae
1063 1109 1279 1195 agrestisque
1294 1111 1378 1177 vitae
1393 1128 1463 1176 non

243 1215 280 1282 in
293 1219 404 1282 totum
420 1215 535 1282 soluti.
560 1219 630 1283 llos
651 1217 806 1302 populos,
824 1236 861 1282 re
881 1216 967 1301 ipsa,
985 1234 1053 1281 non
1074 1214 1196 1301 juvant
1220 1215 1349 1282 fabulae
1369 1234 1462 1301 quae,

244 1323 333 1390 sicut
347 1323 523 1411 tragaediae
542 1343 617 1391 mos
636 1329 699 1405 est,
721 1325 830 1391 multo
850 1325 963 1412 magis
983 1326 1135 1389 mentem
1154 1325 1322 1388 attentam
1344 1326 1466 1389 tenent

243 1448 347 1514 quam
373 1447 495 1496 sensus
518 1431 679 1497 excitant.
700 1431 909 1497 Necessitate
932 1449 988 1495 res
1015 1427 1266 1508 considerandi,
1289 1447 1403 1512 quum
1429 1429 1466 1495 in

242 1537 358 1621 partes
373 1535 547 1602 subtiliter
562 1537 684 1604 divisae
699 1540 791 1617 sunt,
809 1537 1058 1615 obtunduntur,
1081 1539 1114 1601 et
1132 1553 1363 1619 personarum
1381 1553 1465 1601 acn-

243 1641 378 1707 tissima
402 1642 435 1706 et
458 1639 607 1706 nimium
639 1640 810 1706 elaborata
835 1639 1004 1723 colloquia
1030 1657 1097 1703 non
1120 1638 1229 1723 pluris
1254 1637 1402 1704 faciunt.
1422 1640 1468 1705 Ut

243 1746 335 1812 ludis
361 1745 506 1824 faveant,
528 1762 668 1812 necesse
687 1749 739 1812 est
763 1749 857 1811 tanto
881 1746 997 1811 labore
1024 1745 1189 1823 leventur,
1211 1748 1245 1810 et
1268 1762 1339 1810 non
1362 1745 1466 1812 inviti

244 1853 413 1939 cogantur
436 1852 567 1917 intento
587 1852 703 1917 animo
726 1849 878 1917 tabulam
902 1851 1034 1917 audire.
1058 1853 1102 1917 Ut
1129 1853 1352 1929 moveantur,
1377 1871 1468 1937 opus

244 1960 296 2022 est
320 1956 517 2022 immodicis
538 1956 646 2022 animi
670 1957 1000 2042 perturbationibus,
1033 1956 1254 2036 clamoribus,
1286 1957 1467 2042 lacrymis,

244 2062 447 2146 cunctisque
467 2061 641 2129 furoribus
660 2063 787 2148 quibus
806 2082 843 2129 se
863 2064 1003 2129 tradunt
1018 2063 1176 2128 homines
1196 2081 1304 2146 quum
1326 2063 1468 2129 insania

245 2168 431 2234 libidinum
456 2167 677 2234 vehementer
700 2169 944 2236 incenduntur.
981 2168 1304 2246 Exsecrationibus,
1331 2168 1466 2249 minis,

244 2274 408 2352 necibus,
440 2273 633 2358 spectaculo
666 2275 847 2361 sanguinis
877 2274 1050 2359 pulpitum
1082 2274 1315 2360 respergentis
1349 2274 1466 2340 delec-

246 2380 374 2445 tantur.

291 2486 391 2550 Esset
405 2488 520 2550 tamen
537 2486 655 2571 magni
671 2485 815 2570 periculi
833 2504 900 2564 res,
920 2504 986 2551 non
1003 2485 1046 2551 iis
1057 2487 1157 2552 edere
1171 2487 1235 2552 alia
1252 2489 1464 2572 spectacula.

246 2590 411 2672 Quamvis
434 2609 474 2656 ea
497 2609 574 2675 quae
602 2595 683 2657 sunt
712 2611 729 2657 a
755 2610 858 2658 sensu
885 2592 1008 2657 tradita
1033 2593 1225 2676 percipiant
1254 2593 1403 2673 acriter,
1434 2596 1468 2660 et

248 2696 378 2762 scilicet
403 2696 494 2780 quod
523 2696 621 2762 facile
650 2701 701 2763 est
729 2716 850 2764 sensus
880 2699 1002 2764 talium
1032 2699 1212 2764 bominum
1241 2700 1468 2767 vehementer

248 2818 482 2880 commovere,
514 2802 676 2869 omnibus
703 2803 940 2888 hujuscemodi
968 2803 1147 2871 allectibus
1171 2806 1282 2872 solum
1304 2806 1339 2870 in
1360 2805 1469 2873 breve

247 2909 385 2991 tempus
401 2906 601 2973 incitantur.
623 2909 771 2974 Animus
792 2929 1051 2994 ennumquam
1075 2930 1241 2998 generosa
1262 2912 1393 2978 virtute
1413 2912 1469 2979 vel

248 3012 470 3078 miseratione
501 3012 645 3097 rapitur,
677 3013 751 3080 sine
776 3015 880 3080 dubio
905 3035 1015 3099 usque
1043 3017 1085 3081 ad
1111 3018 1316 3104 dignitatem
1346 3037 1469 3084 rerum

248 3118 461 3206 tragicorum
481 3119 664 3204 aliquando
684 3140 720 3186 se
740 3123 901 3186 extollere
920 3125 1041 3206 potest.
1060 3123 1125 3188 Sed
1145 3123 1179 3188 in
1201 3123 1369 3209 majorem
1389 3143 1452 3191 cor

248 3224 343 3311 poris
359 3225 561 3292 servitutem
577 3227 706 3293 redacti
724 3230 804 3292 sunt
823 3247 927 3311 quam
944 3230 982 3294 ut
997 3229 1135 3295 animus
1151 3230 1251 3316 longe
1266 3231 1467 3316 praevaleat.

249 3331 278 3396 Α
290 3329 387 3418 Jugis
403 3331 438 3397 in
451 3351 528 3417 quae
544 3337 659 3395 mente
674 3331 800 3396 sublati
817 3336 897 3396 suat
913 3332 1006 3396 brevi
1024 3334 1274 3413 recumberent,
1292 3334 1320 3398 si
1338 3334 1471 3402 fabulae

250 3438 396 3522 scriptor
425 3456 493 3504 non
522 3456 579 3503 eos
603 3456 621 3502 e
647 3441 741 3502 tanto
772 3437 911 3524 fastigio
940 3439 1133 3505 detraheret
1161 3441 1254 3525 ipse,
1279 3443 1313 3506 et
1340 3458 1472 3509 nervos

249 3544 468 3609 exacerbatos
483 3562 551 3609 non
564 3543 741 3609 mulceret.
755 3544 825 3609 Hoc
843 3548 957 3610 autem
973 3544 1015 3610 ad
1027 3544 1246 3612 efficiendum
1259 3564 1326 3612 non
1339 3566 1470 3632 suppe-

249 3647 374 3714 ditaret
393 3648 546 3713 medium
568 3648 659 3713 iuter
677 3650 773 3714 actus
794 3648 1027 3714 intervallum.
1045 3650 1151 3716 Saluti
1169 3651 1260 3717 risus
1278 3654 1471 3719 necessarii

251 3755 331 3819 sunt
342 3752 370 3817 si
382 3751 418 3817 in
428 3752 543 3818 animo
555 3756 606 3818 est
616 3755 749 3819 mentes
759 3773 799 3819 ex
811 3774 871 3820 sua
885 3756 965 3821 sede
975 3756 1130 3822 demotas
1142 3757 1177 3823 in
1187 3759 1316 3824 statum
1325 3776 1471 3842 aequum

250 3858 414 3924 reducere
429 3860 462 3924 et
476 3859 600 3925 deinde
616 3860 713 3926 novis
733 3861 902 3927 concitare
917 3862 1081 3928 motibus.
1097 3864 1203 3929 Tanta
1222 3868 1273 3930 est
1293 3882 1330 3930 ea
1347 3883 1471 3933 neces-

251 3964 334 4030 sitas
349 3964 507 4030 mutandi
523 3964 666 4031 affectus
686 3967 844 4032 sensibus
863 3967 1062 4051 impressae,
1080 3970 1113 4033 et
1128 3969 1320 4036 oblectandi
1343 3990 1472 4039 sensus

250 4070 355 4155 ipsos,
382 4070 576 4155 praesertim
600 4072 727 4153 oculos,
754 4075 793 4139 ut
820 4073 974 4156 quidam,
1002 4074 1065 4139 boc
1084 4075 1227 4140 consilio
1245 4081 1283 4142 ut
1298 4076 1414 4144 fabula
1433 4081 1469 4147 in

250 4176 517 4264 intelligentiam
535 4175 669 4243 facilius
684 4178 793 4256 cadat,
812 4181 845 4244 et
860 4179 991 4245 lacunae
1004 4179 1218 4246 scenicarum
1232 4182 1466 4268 picturarum,

250 4301 328 4368 quae
351 4282 547 4368 frequenter
566 4285 609 4350 ad
629 4303 684 4350 res
703 4284 938 4372 depingendas
958 4286 1106 4352 infirmae
1121 4290 1229 4366 erant,
1248 4289 1467 4373 expleantur,

250 4388 382 4455 medios
392 4388 482 4454 inter
492 4393 588 4456 actus
599 4394 808 4475 anteponant
818 4393 1072 4477 pantomimum
1079 4397 1243 4480 pupeoat
1253 4395 1467 4480 imitantem,

249 4512 317 4579 quo
333 4495 496 4580 praecipui
512 4497 689 4580 sequentis
703 4502 799 4578 actus
816 4499 895 4564 nodi
912 4498 1103 4586 finguntur.

294 4599 390 4681 Quod
409 4602 451 4668 de
471 4603 593 4668 morali
617 4604 771 4670 carmine
795 4606 914 4670 drama
947 4623 1075 4673 novum
1099 4606 1262 4692 arripuit,
1288 4627 1356 4674 non
1378 4614 1469 4679 tanti

249 4708 416 4773 momenti
432 4712 484 4775 est
502 4712 535 4776 et
552 4711 725 4796 ponderis,
747 4715 898 4779 attamen
920 4714 1156 4781 manifestum.
1178 4715 1230 4780 Ex
1251 4714 1311 4780 illo
1334 4719 1471 4803 accepit
