3120 5474
64 107 252 184 nominis,
283 108 449 192 Alleynus
470 105 638 193 (ΑΗθγη)ι
663 108 775 174 Judoei
799 109 986 176 Melitensis
1011 116 1124 195 partes
1144 116 1282 201 agebat,

64 219 112 280 ut
147 220 268 301 egerat
306 215 422 281 Fausti
455 215 715 297 Tamerlanique
748 222 872 300 partes.
910 219 1067 284 Personae
1097 219 1283 288 loedllatem

67 336 222 408 augens,
240 322 350 406 plebis
364 320 530 408 gaudium
548 321 747 387 cumulabat
763 322 939 389 induendo
953 343 991 389 os
1007 344 1110 390 suum
1134 328 1283 394 assimu-

67 425 143 493 lato
159 446 245 494 naso
264 429 324 513 qui
339 429 398 494 diu
414 427 566 493 famosus
585 427 650 494 luit
664 431 697 494 et
711 447 778 513 quo
796 429 956 495 Judaeum
973 429 1141 498 efficiebat
1155 433 1282 501 ridicu-

71 532 147 600 lum
165 537 200 599 et
216 534 408 601 horridum.
426 534 467 600 Hi
486 533 618 600 mimici
635 534 705 620 joci
729 538 799 600 tam
825 536 928 621 inepti
954 540 1054 603 erant
1068 541 1106 604 ut
1119 539 1283 608 Bullenus

73 639 209 707 dubitet
225 659 269 706 an
284 641 320 707 in
335 640 536 707 Marlovium
552 640 747 707 conferendi
765 641 844 707 sint.

113 819 127 850 ι
145 794 315 871 Marlowe,
327 795 429 877 inquit
443 797 508 874 ille,
524 796 553 858 is
568 800 624 858 not
640 798 703 858 less
717 798 861 877 guillless
872 796 906 858 of
914 799 966 860 tha
977 814 1209 881 extravagance
1220 802 1281 864 and

73 892 259 974 buffoonery
282 893 317 955 in
339 895 392 955 the
415 895 476 956 last
500 895 588 957 three
611 904 677 956 acts
701 893 736 955 ol
757 895 809 956 the
831 897 899 957 lew
923 895 958 957 ol
978 898 1077 959 Malta
1094 899 1170 960 than
1186 899 1219 962 ol
1230 900 1282 962 the

71 1000 244 1072 grotesque
260 991 322 1053 and
336 989 462 1053 larcical
478 990 634 1052 additions
651 990 741 1052 made
755 999 787 1052 to
802 992 843 1051 l)r
855 991 994 1054 Faustus
1011 990 1032 1052 ².
1052 1015 1065 1048 s

113 1157 177 1223 His
191 1155 336 1234 facetiis,
362 1156 423 1241 qui
447 1155 600 1222 fabulam
624 1155 872 1234 deformabant,
899 1158 1115 1226 multitudini
1133 1158 1278 1246 jucundi

69 1266 168 1330 erant
184 1263 325 1331 scenici.

111 1369 281 1437 Dixerunt
307 1370 450 1454 quidam
475 1370 589 1437 nullos
616 1370 755 1437 Judoeos
787 1388 826 1437 eo
855 1374 1007 1457 tempore
1035 1372 1070 1437 in
1101 1373 1278 1443 Britannia
1320 1445 1324 1453 ,

68 1475 189 1554 luisse,
205 1482 240 1542 et
254 1477 398 1544 mendas
412 1477 539 1563 quibus
552 1476 693 1543 Barabae
716 1495 859 1561 persona
880 1476 1092 1545 deformatur
1106 1480 1276 1564 proficisci

68 1601 108 1648 ex
129 1601 169 1649 eo
193 1583 285 1667 quod
309 1585 463 1669 exempla
486 1584 529 1650 ad
559 1583 765 1650 imitandum
792 1584 953 1651 Marlovio
981 1584 1181 1653 defuissent.
1198 1588 1276 1655 Illo-

68 1707 146 1755 rum
170 1693 287 1757 autem
311 1690 480 1757 sententia
505 1709 583 1756 cum
608 1690 749 1756 veritate
769 1707 837 1756 non
861 1691 1036 1758 concurrit
1056 1697 1089 1758 et
1113 1698 1275 1762 caeterum

67 1796 302 1881 superioribus
318 1797 454 1864 saeculis
473 1797 656 1882 scriptores
676 1798 828 1881 exempla
853 1797 896 1864 ad
920 1797 1127 1866 imitandum
1153 1818 1274 1886 propo·

66 1905 187 1968 nentes
204 1906 276 1969 tam
293 1903 395 1970 multi
417 1908 516 1970 erant
539 1906 577 1970 ut
603 1902 787 1969 Marlovius
810 1921 851 1968 ex
878 1906 947 1970 toto
970 1922 1151 1989 personam
1170 1926 1274 1993 parvo

64 2008 181 2075 labore
196 2007 325 2096 lingere
340 2010 517 2094 potuisset.

108 2115 252 2182 ludoeus
267 2117 466 2200 Melitensis,
485 2121 523 2183 ut
538 2111 640 2201 supra
655 2117 739 2195 dixi,
755 2116 891 2183 videtur
907 2117 944 2183 in
960 2136 1097 2185 scenam
1112 2119 1272 2189 inductus

63 2221 170 2289 fuisse
181 2240 272 2289 anno
286 2223 460 2290 millesino
471 2223 749 2312 quingentesimo
760 2223 985 2310 nonagesimo
995 2223 1107 2312 (1590)
1118 2227 1171 2292 vel
1182 2245 1271 2295 anno

62 2333 238 2414 sequente.
266 2331 395 2397 Eodem
419 2330 560 2415 dieque
580 2328 693 2397 sabula
717 2329 753 2395 in
776 2329 1000 2396 librariorum
1015 2332 1148 2398 tabulas
1165 2334 1271 2402 relata

60 2434 143 2515 fuit,
168 2436 212 2503 ad
237 2436 371 2504 tabulas
400 2437 477 2504 illas
505 2436 763 2503 adscribebatur
790 2455 926 2521 quoque
953 2436 1075 2503 titulus
1103 2439 1268 2506 carminis

59 2543 238 2628 popularis
256 2543 435 2610 decadem
459 2563 495 2610 re
514 2545 660 2632 agentis,
686 2549 731 2621 et,
757 2547 797 2610 ut
821 2543 1008 2609 verisimile
1029 2546 1092 2620 est,
1116 2564 1135 2610 e
1153 2543 1269 2613 fabula

57 2649 167 2716 ducti.
198 2651 362 2732 Quamvis
389 2669 479 2718 anno
509 2652 694 2718 millesimo
730 2650 1008 2738 quingentesimo
1045 2651 1267 2739 nonagesimo

57 2763 183 2841 quarto
208 2755 334 2845 (1594),
362 2761 441 2824 ante
464 2758 556 2826 diem
581 2759 741 2843 quintum
764 2758 937 2825 decimum
956 2757 1121 2824 Calendas
1146 2758 1266 2826 lunias

58 2859 117 2949 (17
136 2862 219 2950 mai)
237 2863 273 2929 in
288 2864 423 2931 tabulas
438 2864 515 2931 illas
531 2866 637 2931 relata
652 2863 767 2944 luerit,
784 2863 910 2942 sabula,
928 2863 1002 2929 sine
1017 2863 1132 2941 dubio,
1153 2866 1265 2931 solum

56 2969 180 3036 multis
194 2974 272 3056 post
285 2971 386 3038 annis
400 2972 490 3056 typis
505 2971 665 3038 mandata
680 2971 756 3049 luit,
773 2970 1017 3055 antiquissima
1031 2969 1125 3037 anim
1142 2989 1182 3036 ex
1197 2972 1266 3039 edi-

54 3075 210 3142 tionibus
225 3095 302 3162 quae
322 3077 422 3143 hodia
441 3080 575 3144 exstant
592 3080 604 3118 ³
627 3095 716 3144 anno
741 3077 924 3143 millesimo
939 3076 1184 3142 sexcentesimo
1203 3079 1265 3144 tri-

53 3181 186 3248 cesimo
210 3183 310 3249 tertio
335 3181 455 3271 (1633)
481 3184 515 3248 in
539 3184 666 3271 vulgus
688 3185 816 3250 emissa
840 3183 905 3249 luit
933 3181 1060 3270 (in-4⁰)
1090 3201 1108 3248 a
1136 3182 1265 3250 Thoma

54 3289 248 3374 Heywoodo
265 3286 433 3374 (Thomas
455 3289 653 3377 Heytoood)
669 3309 777 3374 quum
800 3289 915 3356 fabula
929 3289 966 3356 in
983 3308 1103 3355 scenas
1117 3290 1215 3357 Aulae
1229 3293 1263 3357 et

52 3395 181 3462 theatri
205 3395 272 3462 cui
290 3396 457 3481 Coelo-pit
481 3414 606 3463 nomen
632 3397 784 3476 reducta,
816 3397 850 3461 in
879 3396 990 3482 gratia
1019 3396 1144 3463 iterum
1173 3397 1262 3482 apud

52 3502 219 3587 populum
235 3506 335 3568 esset.

96 3607 211 3675 Judoei
225 3609 413 3676 Melitensis
427 3629 501 3677 rem
515 3628 656 3678 narrare
670 3628 738 3677 non
753 3611 911 3690 conabor,
930 3610 1156 3683 immodicum
1168 3609 1262 3675 anim

84 3815 93 3850 ¹
107 3809 244 3862 Heuslovii
258 3811 412 3876 privignam
425 3812 453 3862 in
464 3812 670 3864 matrimonium
683 3815 805 3864 duxerat.

84 3889 96 3923 ²
112 3890 172 3941 Vol.
189 3890 208 3949 1,
224 3905 250 3956 p.
265 3891 309 3940 xlr.

81 3969 162 4021 'The
176 3970 293 4020 Famous
307 3971 429 4036 Tragedy
443 3972 472 4022 ol
488 3973 535 4024 the
552 3973 619 4024 Rich
632 3973 688 4024 Jew
703 3973 733 4023 ol
751 3973 839 4023 Malta.
855 3974 889 4024 As
909 3973 931 4023 it
944 3985 999 4022 was
1013 3971 1093 4035 playd
1105 3969 1197 4021 before
1214 3970 1260 4021 the

50 4051 124 4114 King
147 4050 204 4101 and
226 4050 343 4111 Queene,
365 4051 394 4100 in
415 4052 459 4102 his
480 4052 615 4117 Majcstles
638 4053 752 4104 Theatra
773 4057 801 4104 at
819 4052 986 4112 While-Hah,
1002 4052 1036 4114 by
1056 4051 1106 4100 her
1125 4048 1259 4114 Majesties

48 4128 179 4180 Servants
191 4134 220 4178 at
235 4128 281 4178 the
293 4129 422 4194 Cocli-pit.
446 4130 564 4182 Wrrtten
585 4133 621 4196 hy
638 4132 813 4196 christophor
834 4131 927 4181 Marto.
947 4131 1054 4181 London
1071 4146 1077 4178 ε
1095 4127 1203 4179 Printed
1223 4130 1259 4192 by

47 4209 72 4259 J.
85 4208 113 4257 B.
129 4208 172 4258 lor
186 4207 315 4258 Micholas
328 4209 477 4269 Vavasour,
490 4212 544 4261 and
557 4226 603 4262 are
616 4217 644 4263 to
657 4213 689 4262 ba
703 4212 762 4262 sold
773 4211 854 4262 athis
865 4211 937 4273 Shop
950 4210 978 4258 in
989 4209 1036 4259 the
1046 4208 1256 4272 lunas-Temple,

47 4287 191 4338 naaratha
206 4286 324 4348 (March,
338 4288 406 4339 1633.
421 4290 547 4352 (Balteo).
