3120 5474
113 99 156 165 ut
186 103 303 166 sontes
330 100 512 184 optimates
541 100 710 186 supplicio
740 99 863 186 capitis
887 98 1039 179 allicere,
1068 99 1283 185 matremque

58 221 171 271 suam
187 207 225 272 in
240 206 506 273 Londiniensem
521 208 646 274 turrim
662 207 840 274 includere
858 205 965 292 jubet.

111 313 294 399 Tragoedia
310 332 387 399 quae
405 314 503 392 Dido,
525 314 819 403 Carthaginiensis
844 313 976 399 Regina
1000 310 1086 400 (The
1113 312 1282 398 Trapedy

59 417 111 503 of
123 419 236 496 Dido,
265 419 385 501 Quaen
407 420 450 506 of
466 420 677 510 Cartbope).
704 420 918 500 inscribitur,
944 438 1031 505 opus
1050 423 1102 485 est
1121 417 1284 486 Narlovio

61 542 148 590 cum
163 525 294 592 Thema
310 527 401 592 Nash
417 545 612 593 commune.
627 528 729 614 Typis
746 527 904 594 mandata
921 525 986 593 fuit
1005 544 1095 592 anno
1115 526 1153 590 P.
1178 525 1213 591 d.
1241 526 1281 591 N.

63 630 257 698 millesimo
276 633 555 718 quingentesimo
575 635 799 722 nonagesimo
820 636 942 720 quarto
958 631 1085 720 (1594),
1102 635 1284 717 postquam

65 736 210 804 incertis
235 740 449 823 temporibus
473 745 548 807 acta
574 740 685 808 luerat
710 742 745 807 in
769 741 910 829 Reginae
935 741 1119 824 conspectu
1143 757 1162 804 a
1185 738 1284 826 Regii

65 843 150 911 Fani
169 845 304 910 Pueris.
323 848 459 933 Paynus
475 847 641 916 Collierus
656 867 733 914 eam
750 849 850 932 paulo
865 865 967 931 supra
982 863 1112 912 annum
1128 845 1165 911 P.
1187 847 1222 911 C.
1241 846 1282 911 N.

66 949 297 1018 millesimum
329 952 647 1041 quingentesimum
682 955 947 1042 nonagesimum
977 951 1088 1040 (1590)
1118 951 1281 1037 scriptam

65 1055 177 1124 luisse
191 1057 379 1125 existimat.
398 1061 493 1127 lianc
507 1059 739 1146 conjecturam
754 1061 944 1146 praesertim
960 1078 1000 1126 ex
1016 1078 1055 1125 eo
1070 1057 1175 1125 trahit
1191 1057 1282 1143 quod

68 1163 103 1229 in
117 1161 246 1232 fabulae
261 1163 345 1231 locis
359 1185 445 1252 quos
465 1186 483 1232 a
499 1167 661 1234 Narlovio
682 1168 888 1252 compositos
907 1165 1013 1232 fuisse
1032 1167 1141 1250 putat,
1162 1182 1283 1230 versus

67 1287 137 1337 non
153 1270 317 1338 similiter
335 1273 497 1340 desinens
514 1273 666 1340 nondum
689 1274 730 1341 ad
747 1292 925 1340 summum
949 1271 1040 1359 quod
1064 1272 1207 1359 adeptus
1230 1272 1282 1337 est

66 1375 105 1443 in
128 1376 294 1444 Eduardo
322 1377 471 1444 secundo
499 1379 685 1462 perductus
710 1378 787 1445 tuit.
814 1378 875 1446 Cui
903 1377 1027 1446 rationi
1050 1378 1114 1443 hoc
1137 1375 1279 1455 accedit,

66 1483 159 1570 quod
173 1481 300 1552 fabulae
313 1487 557 1571 argumentum
574 1504 614 1551 ex
632 1488 702 1552 toto
719 1484 879 1573 congruit
898 1504 979 1552 cum
1003 1485 1107 1550 rebus
1130 1482 1172 1549 de
1191 1487 1280 1549 vete·

65 1589 165 1655 ribus
181 1589 321 1676 scriptis
340 1590 517 1657 translatis
541 1595 601 1657 aut
621 1591 664 1657 ad
680 1592 803 1658 horum
820 1590 996 1678 exemplar
1008 1589 1180 1676 expressis
1195 1608 1281 1673 quas

63 1695 252 1764 Marlovius
266 1697 319 1763 vel
334 1715 442 1782 quum
458 1704 559 1775 esset,
576 1698 629 1763 vel
650 1716 758 1782 quum
775 1698 810 1764 in
824 1717 863 1764 eo
878 1701 969 1765 esset
988 1701 1026 1764 ut
1040 1695 1137 1763 tieret
1153 1696 1281 1762 artium

63 1803 235 1890 magister
250 1803 341 1870 circa
357 1821 487 1870 annum
516 1806 554 1870 P.
584 1806 620 1871 G.
651 1806 691 1871 N.
717 1805 945 1871 millesimum
959 1801 1280 1890 quingentesimum

62 1909 318 1998 octogesimum
335 1911 519 1996 septimum
538 1908 650 1997 (1587)
666 1911 805 1996 scripsit
819 1911 873 1977 vel
888 1910 1073 1977 inchoavit.
1090 1909 1125 1977 si
1140 1907 1277 1990 iabulae,

61 2019 102 2082 ut
114 2016 275 2102 pluribus
290 2017 332 2083 de
347 2017 460 2083 causis
474 2017 636 2095 creditur,
651 2022 896 2105 argumentum
907 2023 940 2085 et
951 2017 1119 2085 rationem
1134 2015 1278 2093 invenit,

61 2122 135 2189 veri
151 2123 261 2211 igitur
276 2123 390 2190 simile
405 2127 457 2190 est
475 2143 555 2190 eum
580 2125 645 2191 sub
667 2125 754 2193 illud
779 2129 916 2210 tempus
939 2124 1036 2211 prius
1059 2122 1231 2210 cogitasse
1247 2125 1281 2188 et

59 2228 289 2315 posteriorem
304 2230 577 2298 adumbravisse.

104 2337 281 2403 Incertum
301 2339 352 2402 est
377 2341 495 2404 utrum
518 2338 666 2406 Thomas
680 2339 772 2405 Nash
792 2356 932 2422 operam
958 2335 1122 2403 Marlovio
1144 2336 1223 2402 vivo
1247 2340 1280 2404 et

60 2440 217 2509 fabulam
238 2441 402 2512 scribenti
426 2444 570 2524 dederit,
599 2463 642 2512 an
666 2463 705 2511 eo
729 2449 866 2512 mortuo
886 2462 1018 2522 curam,
1039 2463 1126 2529 opus
1151 2442 1279 2528 imper-

60 2546 192 2616 fectum
233 2551 498 2617 consummandi
542 2552 742 2636 susceperit.
786 2551 839 2617 Ad
882 2550 1035 2635 priorem
1081 2548 1279 2638 opinionem

20 2712 23 2717 .
61 2654 216 2721 maxime
251 2656 358 2742 Payni
386 2658 521 2724 Collieri
554 2658 722 2725 sententia
752 2657 906 2724 inclinat.
942 2656 1127 2725 Existimat
1155 2657 1278 2722 Mario·

61 2760 162 2828 vium
185 2763 219 2828 et
241 2761 408 2829 Thomam
433 2765 538 2833 Nash.
564 2769 748 2849 postquam
768 2764 1019 2831 contenderunt
1038 2762 1155 2850 jurgio
1179 2761 1278 2849 cujus

61 2867 165 2955 signa
184 2867 221 2934 in
243 2869 407 2954 proaemio
435 2871 543 2937 libelli
568 2871 757 2955 Menaphon
771 2869 940 2959 inscripti
965 2869 1183 2955 reperiuntur
1205 2887 1277 2935 ma·

61 2973 206 3053 nifesta,
231 2976 360 3042 omissa
389 2977 479 3044 inter
504 2998 540 3044 se
569 2979 619 3044 ira
648 2984 681 3045 11
707 2976 832 3045 lenitos
862 2976 1029 3044 memoria
1052 2975 1158 3063 prisci
1178 2975 1276 3042 soda-

60 3081 130 3148 litii
153 3099 222 3169 quo
248 3082 590 3172 cantabrigiensibus
613 3085 760 3154 Athenis
782 3083 956 3171 conjuncti
983 3082 1135 3160 fuerant,
1160 3081 1277 3147 inimi-

60 3187 163 3256 citias
185 3187 334 3255 invicem
363 3190 574 3276 deposuisse.
603 3193 690 3258 Huic
713 3190 864 3276 opinioni
893 3210 956 3258 nec
980 3209 1035 3256 res
1060 3207 1079 3254 a
1103 3188 1277 3275 plerisque

10 3374 13 3385 y
60 3293 299 3380 superioribus
324 3297 550 3382 scriptoribus
570 3299 752 3376 mandatae,
774 3317 848 3376 nec,
864 3296 913 3365 'ut
937 3296 1023 3363 mihi
1048 3295 1196 3371 videtur,
1220 3313 1276 3359 res

59 3400 327 3471 verisimillima
351 3405 570 3471 conveniunt.
603 3407 648 3472 De
677 3404 908 3485 rescribam,
934 3403 1115 3491 episcopus
1143 3401 1277 3466 Tanner

59 3506 177 3577 dixit:

61 3649 242 3808 153?ch
271 3646 502 3731 (tragoediam)
533 3652 662 3734 perfecit
691 3666 721 3715 et
750 3651 848 3717 edidit
873 3654 953 3715 Tho.
985 3653 1088 3726 Nash,
1120 3648 1273 3726 houden,

149 3794 158 3825 ‚
220 3792 226 3807 ,
255 3773 268 3798 i

108 3911 151 3976 ut
166 3911 240 3979 haec
254 3911 388 3979 addidit
405 3934 413 3979 :

105 4087 119 4118 ι
135 4065 301 4129 Petowius
316 4067 350 4129 in
365 4067 549 4149 praelatione
566 4071 603 4132 ad
620 4069 793 4133 secundam
813 4077 934 4150 partem
948 4070 1072 4132 Herot's
1087 4073 1117 4130 et
1128 4065 1276 4129 Leandri

61 4164 163 4224 multa
175 4163 211 4224 in
222 4165 372 4226 Marlovii
382 4167 690 4229 commendationem
701 4167 815 4241 adfert;
828 4168 888 4230 hoc
898 4167 993 4228 etiam
1004 4165 1077 4227 lacit
1089 4166 1168 4226 Tho.
1181 4164 1273 4226 Nash

60 4259 96 4320 in
122 4258 278 4323 Carmine
297 4262 439 4343 elegiaco
455 4265 627 4344 trapoedioe
650 4264 793 4326 Didonis
813 4265 945 4345 praefixo
968 4263 1003 4323 in
1025 4262 1145 4325 obitum
1161 4260 1273 4322 Chris-
