3120 5474
724 411 877 479 -7-..

143 564 164 639 Ῐ
176 601 405 670 personarum
437 601 605 650 numerus
634 583 671 650 in
704 585 778 652 dies
811 585 944 652 auctior
975 584 1093 667 fieret,
1120 585 1186 652 sibi
1207 585 1314 653 laicos
1338 585 1397 654 ad-

172 690 368 776 junxerunt
382 691 511 769 clerici,
535 691 741 775 quinetiam
758 693 924 772 musicos,
942 695 980 758 ut
994 692 1206 779 gratioribus
1224 694 1396 760 illecebris
1481 679 1483 684 η

175 798 442 864 multitudinem
466 797 654 864 allicerent.
678 799 779 865 Sexto
798 800 902 866 etiam
923 799 1057 866 decimo
1079 803 1116 865 P.
1138 802 1173 867 C.
1193 802 1233 866 N.
1256 802 1394 878 saeculo,

175 922 245 970 non
261 905 440 971 insolitum
456 908 530 971 erat
545 905 738 972 sacerdotes
755 906 790 971 in
802 924 941 972 scenam
952 907 1103 991 prodire.
1122 908 1187 975 Sed
1204 909 1395 993 saepissime

175 1012 288 1076 socios
312 1010 541 1077 multifariam
561 1012 773 1096 reperierant
790 1032 810 1078 a
829 1014 955 1098 quibus
976 1014 1149 1081 obscurati
1173 1014 1227 1081 131
1250 1033 1268 1080 3
1293 1033 1394 1080 31313

174 1116 277 1200 ejecti
296 1116 444 1183 1131311.
462 1118 526 1200 Qui
543 1118 643 1198 socii,
665 1122 739 1185 tum
756 1120 993 1186 mendicantes
1009 1120 1169 1187 monachi
1184 1124 1297 1199 erant,
1319 1123 1395 1186 tum

174 1223 293 1290 clerici
310 1223 352 1290 ad
368 1242 448 1289 eum
464 1223 568 1290 finem
580 1225 617 1290 11
627 1228 765 1310 tempus
776 1224 850 1311 conj
857 1226 963 1304 uncti,
977 1229 1052 1292 tum
1065 1227 1263 1292 sodalitates
1275 1245 1392 1305 sacrae,

174 1334 251 1396 tum
270 1330 415 1417 collegia
432 1335 665 1398 mercatorum
685 1335 720 1398 31
738 1333 975 1417 operariorum
995 1333 1055 1418 qui
1076 1333 1243 1417 putabant
1263 1333 1395 1418 seipsos

172 1454 341 1523 magnam
371 1440 616 1504 consecuturos
641 1457 717 1505 esse
744 1439 882 1505 laudem
908 1439 937 1505 si
962 1458 1050 1505 onus
1078 1442 1111 1505 et
1138 1440 1334 1524 impensam
1357 1439 1395 1504 in

172 1544 248 1611 dics
265 1545 500 1612 molestiorem
516 1545 611 1611 illius
626 1546 714 1612 sacri
731 1545 835 1612 oflicii
852 1546 1075 1612 sustinerent.
1093 1546 1257 1627 Quamvis
1276 1549 1393 1612 autem

172 1652 394 1718 sacerdotum
413 1654 529 1737 partes
548 1652 791 1736 suscepissent,
818 1656 1021 1719 manserunt
1039 1648 1156 1718 tamen
1175 1653 1211 1718 in
1228 1655 1394 1736 potestate

170 1762 207 1824 et
231 1758 399 1824 arbitratu
424 1777 566 1836 eorum,
597 1759 727 1843 quibus
747 1777 870 1826 rursus
900 1759 1172 1844 adjuvabantur,
1207 1760 1261 1824 131
1287 1759 1392 1824 etiam

169 1865 318 1950 pecunia
343 1866 632 1949 rependebantur.
657 1867 788 1933 Merces
811 1866 996 1950 aliquando
1015 1865 1231 1950 amplissima
1263 1864 1392 1931 tribue-

169 1971 276 2037 batur
304 1971 359 2037 his
393 1973 560 2052 scenicis,
589 1972 717 2058 quibus
753 1992 890 2059 quoque
928 1973 964 2038 in
997 1973 1146 2039 sacraria
1177 1972 1291 2038 aditus
1320 1975 1394 2038 erat

170 2081 334 2162 apertus,
370 2080 474 2145 utin
507 2074 669 2165 pr'omptu
709 2080 934 2147 sacerdotalia
972 2083 1175 2144 ornamenta
1211 2078 1389 2144 haberent.
1483 2170 1486 2175 ¹
1550 2144 1556 2155 ,

170 2186 397 2252 Solummodo
412 2204 521 2271 quum
537 2188 731 2272 spectacula
746 2205 840 2253 sacra
854 2186 928 2272 jam
943 2186 1217 2262 deflorescerent,
1235 2189 1269 2250 et
1283 2203 1391 2268 quum

171 2292 302 2358 scenici
329 2293 471 2378 quidam
497 2297 588 2360 artes
613 2314 693 2372 suas
717 2312 787 2360 non
815 2295 914 2359 lusus
940 2293 1055 2370 modo,
1084 2293 1143 2363 sed
1168 2291 1255 2357 lucri
1279 2291 1392 2377 gratia

170 2402 392 2478 exercentes,
429 2419 489 2484 per
523 2401 718 2486 provincias
748 2402 973 2487 vagarentur,
1009 2399 1045 2464 hi
1075 2397 1223 2482 suspecti
1253 2397 1393 2463 luerunt

170 2506 410 2573 sacerdotibus
431 2511 463 2573 31
483 2508 584 2573 abiis
602 2507 765 2573 submoti.
782 2507 913 2588 Quibus
929 2524 1019 2590 saepe
1032 2504 1275 2589 pauperrimis
1293 2505 1392 2570 cibus

169 2615 303 2691 tamen,
321 2613 470 2697 hospitia
488 2611 593 2680 etiam
608 2614 934 2699 suppeditabantur;
952 2613 1040 2677 nibil
1056 2615 1171 2679 autem
1188 2611 1242 2676 his
1261 2629 1391 2696 vagan-

169 2718 267 2783 tibus
287 2720 434 2784 scenicis
452 2720 684 2800 tribuebatur,
711 2725 837 2806 praeter
863 2720 1018 2787 subsidia
1043 2720 1113 2785 illa.
1135 2720 1391 2802 Nonnunquam

169 2824 291 2903 etiam,
308 2845 417 2910 quum
435 2826 470 2891 in
491 2827 724 2911 suspicionem
744 2828 902 2893 venirent
921 2827 1080 2905 nimiam,
1102 2828 1120 2890 a
1142 2825 1389 2890 monachorum

167 2929 410 2997 familiaritate
437 2933 718 3016 prohibebantur.
746 2935 785 2998 11
809 2933 972 2999 interiore
1001 2931 1200 2998 monasterii
1225 2935 1323 3016 parte
1346 2931 1390 2996 iis

167 3036 307 3102 fabulas
322 3055 425 3123 agere
440 3056 508 3104 non
524 3039 659 3105 licebat.

217 3145 291 3208 Duo
310 3143 464 3228 pericula
478 3145 672 3229 praesertim
683 3147 876 3212 sacerdotes
887 3144 1122 3229 impediebant
1136 3163 1180 3210 ne
1194 3145 1388 3229 spectacula

168 3268 270 3316 sacra
285 3250 425 3336 longius
440 3255 612 3318 curarent.
630 3253 732 3318 Prius
747 3253 930 3318 obstabant
944 3251 1108 3336 languida
1124 3249 1209 3317 fides
1225 3250 1389 3334 lapsaque

168 3355 369 3440 dIsciplina,
389 3358 479 3423 unde
498 3358 601 3424 fiebat
617 3363 655 3424 ut
672 3359 709 3424 in
728 3358 849 3424 nimiis
867 3359 944 3423 istis
964 3358 1147 3422 bominum
1161 3357 1388 3422 conventibus

167 3464 281 3528 multa
298 3463 425 3547 saepius
437 3464 634 3532 turbulente
645 3468 678 3529 et
688 3463 858 3550 flagitiose
869 3465 1083 3549 gererentur.
1097 3463 1168 3525 b'on
1185 3460 1387 3525 indecorum

166 3571 353 3638 videbatur
368 3576 483 3656 partes
499 3592 518 3638 a
534 3573 768 3639 sacerdotibus
780 3572 835 3658 agi
852 3589 961 3655 quum
973 3570 1073 3635 turba
1088 3570 1223 3652 putaret
1234 3567 1387 3632 scenicos

165 3679 271 3744 ludos
296 3697 413 3745 rerum
439 3678 637 3746 divinarum
667 3681 806 3745 solenne
829 3678 1001 3763 quoddam
1032 3679 1080 3754 et,
1113 3679 1150 3740 ut
1180 3675 1224 3739 113
1255 3674 1384 3751 (licam,

166 3783 395 3867 appendicem
420 3803 510 3863 esse,
537 3787 570 3850 et
594 3803 691 3850 sacra
713 3785 975 3868 sacerdotesque
1001 3782 1129 3866 majore
1153 3800 1236 3846 cura
1261 3782 1388 3846 coleret

165 3907 276 3974 quam
305 3895 343 3956 ut
367 3909 424 3956 eos
449 3891 509 3974 qui
531 3890 666 3957 fabulas
696 3890 774 3956 illas
803 3891 950 3976 agebant
975 3889 1124 3954 ludibrio
1151 3887 1306 3963 baberet,
1333 3887 1387 3952 vel

166 3997 304 4062 acerbis
320 3997 479 4063 irrideret
493 3996 638 4063 13131113.
654 3997 766 4077 Quum
783 4001 897 4062 autem
915 4014 1011 4061 sacra
1027 3995 1221 4078 spectacula
1236 3993 1272 4058 in
1288 3993 1387 4059 ludos

167 4104 293 4169 multis
321 4105 479 4187 partibus
508 4104 669 4189 profanos
693 4123 791 4172 versa
820 4103 977 4183 fuerunt,
1007 4107 1041 4169 et
1064 4104 1247 4186 postquam
1273 4099 1298 4164 ii
1327 4098 1405 4183 qui·

166 4209 306 4276 visendi
331 4228 431 4276 causa
457 4211 652 4288 veniebant,
680 4230 699 4277 a
719 4211 914 4276 fabularum
936 4208 1163 4292 scriptoribus
1185 4205 1270 4290 ipsis
1293 4204 1386 4270 solli-

166 4315 266 4383 citati
281 4313 421 4382 luerunt
439 4318 481 4383 ad
497 4335 661 4402 personas
677 4320 711 4383 et
726 4335 845 4382 scenas
861 4317 1027 4401 quasdam
1049 4312 1255 4388 irridendas‚
1274 4328 1386 4376 sacer-

166 4424 280 4500 dotes,
305 4423 482 4507 antiquam
504 4424 790 4490 consuetudinem
809 4423 989 4498 servando,
1013 4419 1157 4505 sejocis
1181 4418 1388 4484 obtulissent

165 4532 222 4599 vel
239 4530 461 4596 contumeliis
481 4531 608 4614 quibus
627 4531 663 4595 in
683 4529 971 4614 contemptionem
992 4526 1131 4594 adducti
1151 4527 1185 4591 31
1207 4524 1387 4611 ignomina

164 4637 284 4706 affecti
305 4636 464 4702 luissent.
485 4636 668 4703 Desierunt
692 4637 801 4723 igitur
823 4635 988 4720 paulatim
1014 4634 1051 4699 in
1073 4649 1211 4698 scenam
1235 4629 1384 4715 prodire,

162 4743 365 4832 praesertim
385 4743 422 4809 in
440 4743 597 4823 urbibus,
619 4743 719 4809 turba
734 4743 771 4810 in
795 4743 858 4809 has
877 4741 1092 4828 frequentius
1110 4739 1337 4806 concurrente
1352 4737 1386 4802 et
