<?xml version="1.0" encoding="UTF-8"?>
<!DOCTYPE html PUBLIC "-//W3C//DTD XHTML 1.0 Transitional//EN"
    "http://www.w3.org/TR/xhtml1/DTD/xhtml1-transitional.dtd">
<html xmlns="http://www.w3.org/1999/xhtml" xml:lang="en" lang="en">
 <head>
  <title>
</title>
<meta http-equiv="Content-Type" content="text/html;charset=utf-8" />
  <meta name='ocr-system' content='tesseract 3.04.00' />
  <meta name='ocr-capabilities' content='ocr_page ocr_carea ocr_par ocr_line ocrx_word'/>
</head>
<body>
  <div class='ocr_page' id='page_1' title='image "./demarlovianisfa00faligoog_0143.png"; bbox 0 0 3120 5474; ppageno 0'>
   <div class='ocr_carea' id='block_1_1' title="bbox 687 429 863 495">
    <p class='ocr_par' dir='ltr' id='par_1_1' title="bbox 687 429 863 495">
     <span class='ocr_line' id='line_1_1' title="bbox 687 429 863 495; baseline -0.006 0"><span class='ocrx_word' id='word_1_1' title='bbox 687 429 863 495; x_wconf 79' lang='lat' dir='ltr'>-raa-</span> 
     </span>
    </p>
   </div>
   <div class='ocr_carea' id='block_1_2' title="bbox 171 597 1393 3142">
    <p class='ocr_par' dir='ltr' id='par_1_2' title="bbox 171 597 1344 797">
     <span class='ocr_line' id='line_1_2' title="bbox 171 597 1344 692; baseline -0.004 -21"><span class='ocrx_word' id='word_1_2' title='bbox 171 599 339 692; x_wconf 76' lang='lat' dir='ltr'>trigidum</span> <span class='ocrx_word' id='word_1_3' title='bbox 355 607 389 672; x_wconf 91' lang='lat' dir='ltr'>et</span> <span class='ocrx_word' id='word_1_4' title='bbox 403 601 632 682; x_wconf 80' lang='lat' dir='ltr'>fastidiosum,</span> <span class='ocrx_word' id='word_1_5' title='bbox 648 602 685 669; x_wconf 92' lang='lat' dir='ltr'>in</span> <span class='ocrx_word' id='word_1_6' title='bbox 702 621 837 670; x_wconf 91' lang='lat' dir='ltr'>summa</span> <span class='ocrx_word' id='word_1_7' title='bbox 852 601 1001 669; x_wconf 92' lang='lat' dir='ltr'>solutam</span> <span class='ocrx_word' id='word_1_8' title='bbox 1015 599 1204 668; x_wconf 89' lang='lat' dir='ltr'>orationem</span> <span class='ocrx_word' id='word_1_9' title='bbox 1217 617 1290 678; x_wconf 90' lang='lat' dir='ltr'>esse,</span> <span class='ocrx_word' id='word_1_10' title='bbox 1301 597 1344 664; x_wconf 83' lang='lat' dir='ltr'>sed</span> 
     </span>
     <span class='ocr_line' id='line_1_3' title="bbox 172 708 1264 797; baseline -0.005 -20"><span class='ocrx_word' id='word_1_11' title='bbox 172 711 276 778; x_wconf 86' lang='lat' dir='ltr'>etiam</span> <span class='ocrx_word' id='word_1_12' title='bbox 291 711 419 778; x_wconf 88' lang='lat' dir='ltr'>lamam</span> <span class='ocrx_word' id='word_1_13' title='bbox 435 710 545 777; x_wconf 91' lang='lat' dir='ltr'>inllati</span> <span class='ocrx_word' id='word_1_14' title='bbox 560 709 759 797; x_wconf 90' lang='lat' dir='ltr'>turgidique</span> <span class='ocrx_word' id='word_1_15' title='bbox 773 708 970 777; x_wconf 87' lang='lat' dir='ltr'>clamatoris</span> <span class='ocrx_word' id='word_1_16' title='bbox 989 711 1192 776; x_wconf 90' lang='lat' dir='ltr'>consecutus</span> <span class='ocrx_word' id='word_1_17' title='bbox 1207 710 1264 774; x_wconf 92' lang='lat' dir='ltr'>est.</span> 
     </span>
    </p>

    <p class='ocr_par' dir='ltr' id='par_1_3' title="bbox 171 810 1391 2822">
     <span class='ocr_line' id='line_1_4' title="bbox 215 810 1348 904; baseline -0.008 -18"><span class='ocrx_word' id='word_1_18' title='bbox 215 818 341 886; x_wconf 84' lang='lat' dir='ltr'>Eodem</span> <span class='ocrx_word' id='word_1_19' title='bbox 365 817 466 885; x_wconf 93' lang='lat' dir='ltr'>modo</span> <span class='ocrx_word' id='word_1_20' title='bbox 490 815 685 884; x_wconf 89' lang='lat' dir='ltr'>Tamerlani</span> <span class='ocrx_word' id='word_1_21' title='bbox 715 815 864 904; x_wconf 84' lang='lat' dir='ltr'>effigiem</span> <span class='ocrx_word' id='word_1_22' title='bbox 893 815 1075 883; x_wconf 80' lang='lat' dir='ltr'>manifesto</span> <span class='ocrx_word' id='word_1_23' title='bbox 1106 815 1246 882; x_wconf 83' lang='lat' dir='ltr'>nimiam</span> <span class='ocrx_word' id='word_1_24' title='bbox 1271 810 1348 879; x_wconf 81' lang='lat' dir='ltr'>inlo&#39;r-</span> 
     </span>
     <span class='ocr_line' id='line_1_5' title="bbox 172 921 1352 1010; baseline -0.006 -20"><span class='ocrx_word' id='word_1_25' title='bbox 172 925 291 1004; x_wconf 86' lang='lat' dir='ltr'>mavit,</span> <span class='ocrx_word' id='word_1_26' title='bbox 312 942 379 991; x_wconf 94' lang='lat' dir='ltr'>non</span> <span class='ocrx_word' id='word_1_27' title='bbox 396 925 507 993; x_wconf 92' lang='lat' dir='ltr'>solum</span> <span class='ocrx_word' id='word_1_28' title='bbox 523 923 614 1010; x_wconf 88' lang='lat' dir='ltr'>quod</span> <span class='ocrx_word' id='word_1_29' title='bbox 629 942 728 990; x_wconf 93' lang='lat' dir='ltr'>mens</span> <span class='ocrx_word' id='word_1_30' title='bbox 748 941 809 989; x_wconf 88' lang='lat' dir='ltr'>sua</span> <span class='ocrx_word' id='word_1_31' title='bbox 824 921 867 989; x_wconf 92' lang='lat' dir='ltr'>ad</span> <span class='ocrx_word' id='word_1_32' title='bbox 887 943 941 990; x_wconf 89' lang='lat' dir='ltr'>res</span> <span class='ocrx_word' id='word_1_33' title='bbox 955 921 1070 990; x_wconf 89' lang='lat' dir='ltr'>verbis</span> <span class='ocrx_word' id='word_1_34' title='bbox 1084 922 1257 1010; x_wconf 88' lang='lat' dir='ltr'>augendas</span> <span class='ocrx_word' id='word_1_35' title='bbox 1270 935 1352 1006; x_wconf 84' lang='lat' dir='ltr'>prona</span> 
     </span>
     <span class='ocr_line' id='line_1_6' title="bbox 171 1025 1353 1117; baseline -0.007 -21"><span class='ocrx_word' id='word_1_36' title='bbox 171 1028 247 1109; x_wconf 90' lang='lat' dir='ltr'>luit,</span> <span class='ocrx_word' id='word_1_37' title='bbox 270 1030 329 1098; x_wconf 90' lang='lat' dir='ltr'>sed</span> <span class='ocrx_word' id='word_1_38' title='bbox 354 1030 457 1098; x_wconf 88' lang='lat' dir='ltr'>etiam</span> <span class='ocrx_word' id='word_1_39' title='bbox 484 1028 529 1117; x_wconf 88' lang='lat' dir='ltr'>(et</span> <span class='ocrx_word' id='word_1_40' title='bbox 553 1029 765 1097; x_wconf 79' lang='lat' dir='ltr'>excusationi</span> <span class='ocrx_word' id='word_1_41' title='bbox 788 1029 888 1096; x_wconf 91' lang='lat' dir='ltr'>venia</span> <span class='ocrx_word' id='word_1_42' title='bbox 914 1029 988 1096; x_wconf 91' lang='lat' dir='ltr'>dari</span> <span class='ocrx_word' id='word_1_43' title='bbox 1013 1028 1149 1116; x_wconf 86' lang='lat' dir='ltr'>potest),</span> <span class='ocrx_word' id='word_1_44' title='bbox 1175 1033 1214 1096; x_wconf 87' lang='lat' dir='ltr'>ut</span> <span class='ocrx_word' id='word_1_45' title='bbox 1231 1025 1353 1113; x_wconf 83' lang='lat' dir='ltr'>effigiem</span> 
     </span>
     <span class='ocr_line' id='line_1_7' title="bbox 171 1132 1357 1221; baseline -0.007 -17"><span class='ocrx_word' id='word_1_46' title='bbox 171 1135 268 1204; x_wconf 89' lang='lat' dir='ltr'>illam</span> <span class='ocrx_word' id='word_1_47' title='bbox 298 1137 572 1205; x_wconf 84' lang='lat' dir='ltr'>accommodaret</span> <span class='ocrx_word' id='word_1_48' title='bbox 599 1135 641 1203; x_wconf 93' lang='lat' dir='ltr'>ad</span> <span class='ocrx_word' id='word_1_49' title='bbox 672 1137 828 1203; x_wconf 90' lang='lat' dir='ltr'>notiones</span> <span class='ocrx_word' id='word_1_50' title='bbox 852 1135 1057 1203; x_wconf 90' lang='lat' dir='ltr'>immodicas</span> <span class='ocrx_word' id='word_1_51' title='bbox 1080 1138 1113 1203; x_wconf 91' lang='lat' dir='ltr'>et</span> <span class='ocrx_word' id='word_1_52' title='bbox 1136 1132 1357 1221; x_wconf 86' lang='lat' dir='ltr'>propemodum</span> 
     </span>
     <span class='ocr_line' id='line_1_8' title="bbox 173 1234 1360 1326; baseline -0.003 -21"><span class='ocrx_word' id='word_1_53' title='bbox 173 1239 312 1308; x_wconf 86' lang='lat' dir='ltr'>insanas</span> <span class='ocrx_word' id='word_1_54' title='bbox 334 1259 421 1326; x_wconf 91' lang='lat' dir='ltr'>quas</span> <span class='ocrx_word' id='word_1_55' title='bbox 446 1240 604 1307; x_wconf 88' lang='lat' dir='ltr'>Britanni</span> <span class='ocrx_word' id='word_1_56' title='bbox 628 1243 661 1308; x_wconf 91' lang='lat' dir='ltr'>et</span> <span class='ocrx_word' id='word_1_57' title='bbox 689 1242 906 1325; x_wconf 82' lang='lat' dir='ltr'>Europenses</span> <span class='ocrx_word' id='word_1_58' title='bbox 929 1240 1046 1325; x_wconf 94' lang='lat' dir='ltr'>populi</span> <span class='ocrx_word' id='word_1_59' title='bbox 1071 1244 1155 1309; x_wconf 91' lang='lat' dir='ltr'>tunc</span> <span class='ocrx_word' id='word_1_60' title='bbox 1179 1241 1290 1308; x_wconf 93' lang='lat' dir='ltr'>animo</span> <span class='ocrx_word' id='word_1_61' title='bbox 1310 1234 1360 1304; x_wconf 91' lang='lat' dir='ltr'>sibi</span> 
     </span>
     <span class='ocr_line' id='line_1_9' title="bbox 171 1344 1363 1434; baseline -0.002 -22"><span class='ocrx_word' id='word_1_62' title='bbox 171 1345 341 1414; x_wconf 85' lang='lat' dir='ltr'>linxerant</span> <span class='ocrx_word' id='word_1_63' title='bbox 356 1348 397 1415; x_wconf 89' lang='lat' dir='ltr'>de</span> <span class='ocrx_word' id='word_1_64' title='bbox 408 1347 639 1416; x_wconf 85' lang='lat' dir='ltr'>Orientalibus</span> <span class='ocrx_word' id='word_1_65' title='bbox 654 1350 688 1413; x_wconf 87' lang='lat' dir='ltr'>et</span> <span class='ocrx_word' id='word_1_66' title='bbox 702 1347 744 1415; x_wconf 88' lang='lat' dir='ltr'>de</span> <span class='ocrx_word' id='word_1_67' title='bbox 760 1347 882 1413; x_wconf 90' lang='lat' dir='ltr'>horum</span> <span class='ocrx_word' id='word_1_68' title='bbox 899 1347 1062 1432; x_wconf 90' lang='lat' dir='ltr'>potentia.</span> <span class='ocrx_word' id='word_1_69' title='bbox 1079 1348 1193 1428; x_wconf 87' lang='lat' dir='ltr'>Quum</span> <span class='ocrx_word' id='word_1_70' title='bbox 1203 1347 1277 1434; x_wconf 91' lang='lat' dir='ltr'>jam</span> <span class='ocrx_word' id='word_1_71' title='bbox 1291 1344 1363 1432; x_wconf 89' lang='lat' dir='ltr'>peri·</span> 
     </span>
     <span class='ocr_line' id='line_1_10' title="bbox 171 1453 1368 1538; baseline -0.003 -17"><span class='ocrx_word' id='word_1_72' title='bbox 171 1455 288 1522; x_wconf 91' lang='lat' dir='ltr'>culum</span> <span class='ocrx_word' id='word_1_73' title='bbox 308 1455 419 1523; x_wconf 88' lang='lat' dir='ltr'>adiret</span> <span class='ocrx_word' id='word_1_74' title='bbox 438 1459 529 1523; x_wconf 88' lang='lat' dir='ltr'>statu</span> <span class='ocrx_word' id='word_1_75' title='bbox 555 1474 617 1522; x_wconf 91' lang='lat' dir='ltr'>suo</span> <span class='ocrx_word' id='word_1_76' title='bbox 637 1473 709 1521; x_wconf 88' lang='lat' dir='ltr'>rem</span> <span class='ocrx_word' id='word_1_77' title='bbox 729 1453 906 1538; x_wconf 85' lang='lat' dir='ltr'>antiquam</span> <span class='ocrx_word' id='word_1_78' title='bbox 928 1454 1148 1534; x_wconf 90' lang='lat' dir='ltr'>demovendi,</span> <span class='ocrx_word' id='word_1_79' title='bbox 1173 1473 1292 1523; x_wconf 89' lang='lat' dir='ltr'>versus</span> <span class='ocrx_word' id='word_1_80' title='bbox 1312 1468 1368 1518; x_wconf 93' lang='lat' dir='ltr'>non</span> 
     </span>
     <span class='ocr_line' id='line_1_11' title="bbox 171 1561 1372 1640; baseline -0.002 -12"><span class='ocrx_word' id='word_1_81' title='bbox 171 1561 332 1630; x_wconf 90' lang='lat' dir='ltr'>similiter</span> <span class='ocrx_word' id='word_1_82' title='bbox 346 1561 543 1630; x_wconf 86' lang='lat' dir='ltr'>desinentes</span> <span class='ocrx_word' id='word_1_83' title='bbox 559 1562 593 1628; x_wconf 93' lang='lat' dir='ltr'>in</span> <span class='ocrx_word' id='word_1_84' title='bbox 610 1579 749 1630; x_wconf 86' lang='lat' dir='ltr'>scenam</span> <span class='ocrx_word' id='word_1_85' title='bbox 770 1561 975 1640; x_wconf 86' lang='lat' dir='ltr'>inducendo,</span> <span class='ocrx_word' id='word_1_86' title='bbox 992 1561 1185 1630; x_wconf 87' lang='lat' dir='ltr'>inconsulte</span> <span class='ocrx_word' id='word_1_87' title='bbox 1200 1580 1239 1629; x_wconf 90' lang='lat' dir='ltr'>ac</span> <span class='ocrx_word' id='word_1_88' title='bbox 1258 1563 1372 1627; x_wconf 88' lang='lat' dir='ltr'>temere</span> 
     </span>
     <span class='ocr_line' id='line_1_12' title="bbox 172 1667 1376 1757; baseline -0.003 -22"><span class='ocrx_word' id='word_1_89' title='bbox 172 1688 207 1735; x_wconf 87' lang='lat' dir='ltr'>se</span> <span class='ocrx_word' id='word_1_90' title='bbox 221 1669 398 1757; x_wconf 83' lang='lat' dir='ltr'>gessisset,</span> <span class='ocrx_word' id='word_1_91' title='bbox 416 1669 446 1735; x_wconf 92' lang='lat' dir='ltr'>si</span> <span class='ocrx_word' id='word_1_92' title='bbox 466 1669 651 1737; x_wconf 79' lang='lat' dir='ltr'>dissentire</span> <span class='ocrx_word' id='word_1_93' title='bbox 676 1671 800 1754; x_wconf 88' lang='lat' dir='ltr'>praeter</span> <span class='ocrx_word' id='word_1_94' title='bbox 823 1667 895 1735; x_wconf 84' lang='lat' dir='ltr'>lraec</span> <span class='ocrx_word' id='word_1_95' title='bbox 919 1687 1025 1735; x_wconf 92' lang='lat' dir='ltr'>ausus</span> <span class='ocrx_word' id='word_1_96' title='bbox 1045 1673 1136 1736; x_wconf 87' lang='lat' dir='ltr'>esset</span> <span class='ocrx_word' id='word_1_97' title='bbox 1160 1669 1204 1736; x_wconf 89' lang='lat' dir='ltr'>ab</span> <span class='ocrx_word' id='word_1_98' title='bbox 1228 1667 1376 1754; x_wconf 91' lang='lat' dir='ltr'>opinione</span> 
     </span>
     <span class='ocr_line' id='line_1_13' title="bbox 171 1774 1378 1861; baseline -0.002 -19"><span class='ocrx_word' id='word_1_99' title='bbox 171 1794 248 1861; x_wconf 86' lang='lat' dir='ltr'>quae</span> <span class='ocrx_word' id='word_1_100' title='bbox 263 1778 346 1844; x_wconf 89' lang='lat' dir='ltr'>tunc</span> <span class='ocrx_word' id='word_1_101' title='bbox 367 1775 409 1843; x_wconf 90' lang='lat' dir='ltr'>de</span> <span class='ocrx_word' id='word_1_102' title='bbox 430 1775 572 1842; x_wconf 89' lang='lat' dir='ltr'>orientis</span> <span class='ocrx_word' id='word_1_103' title='bbox 596 1776 679 1842; x_wconf 87' lang='lat' dir='ltr'>solis</span> <span class='ocrx_word' id='word_1_104' title='bbox 702 1775 858 1860; x_wconf 87' lang='lat' dir='ltr'>partibus</span> <span class='ocrx_word' id='word_1_105' title='bbox 882 1778 916 1841; x_wconf 88' lang='lat' dir='ltr'>et</span> <span class='ocrx_word' id='word_1_106' title='bbox 941 1775 983 1842; x_wconf 89' lang='lat' dir='ltr'>de</span> <span class='ocrx_word' id='word_1_107' title='bbox 1007 1794 1127 1843; x_wconf 89' lang='lat' dir='ltr'>earum</span> <span class='ocrx_word' id='word_1_108' title='bbox 1152 1775 1274 1842; x_wconf 90' lang='lat' dir='ltr'>incolis</span> <span class='ocrx_word' id='word_1_109' title='bbox 1298 1774 1378 1840; x_wconf 87' lang='lat' dir='ltr'>inter</span> 
     </span>
     <span class='ocr_line' id='line_1_14' title="bbox 171 1881 1379 1975; baseline -0.001 -27"><span class='ocrx_word' id='word_1_110' title='bbox 171 1901 291 1949; x_wconf 92' lang='lat' dir='ltr'>omnes</span> <span class='ocrx_word' id='word_1_111' title='bbox 315 1886 499 1951; x_wconf 89' lang='lat' dir='ltr'>constaret.</span> <span class='ocrx_word' id='word_1_112' title='bbox 526 1885 572 1949; x_wconf 86' lang='lat' dir='ltr'>Eo</span> <span class='ocrx_word' id='word_1_113' title='bbox 595 1882 724 1961; x_wconf 92' lang='lat' dir='ltr'>minus,</span> <span class='ocrx_word' id='word_1_114' title='bbox 752 1886 791 1949; x_wconf 91' lang='lat' dir='ltr'>ut</span> <span class='ocrx_word' id='word_1_115' title='bbox 813 1881 1002 1948; x_wconf 88' lang='lat' dir='ltr'>verisimile</span> <span class='ocrx_word' id='word_1_116' title='bbox 1025 1884 1088 1960; x_wconf 90' lang='lat' dir='ltr'>est,</span> <span class='ocrx_word' id='word_1_117' title='bbox 1105 1882 1151 1975; x_wconf 36' lang='lat' dir='ltr'>,in</span> <span class='ocrx_word' id='word_1_118' title='bbox 1172 1882 1237 1948; x_wconf 92' lang='lat' dir='ltr'>hoc</span> <span class='ocrx_word' id='word_1_119' title='bbox 1251 1881 1379 1967; x_wconf 88' lang='lat' dir='ltr'>pericu·</span> 
     </span>
     <span class='ocr_line' id='line_1_15' title="bbox 172 1988 1383 2078; baseline -0.002 -21"><span class='ocrx_word' id='word_1_120' title='bbox 172 1991 285 2058; x_wconf 91' lang='lat' dir='ltr'>losum</span> <span class='ocrx_word' id='word_1_121' title='bbox 301 1990 486 2057; x_wconf 91' lang='lat' dir='ltr'>consilium</span> <span class='ocrx_word' id='word_1_122' title='bbox 501 1990 692 2069; x_wconf 87' lang='lat' dir='ltr'>inclinavit,</span> <span class='ocrx_word' id='word_1_123' title='bbox 710 1991 801 2076; x_wconf 92' lang='lat' dir='ltr'>quod</span> <span class='ocrx_word' id='word_1_124' title='bbox 816 1991 912 2078; x_wconf 91' lang='lat' dir='ltr'>vulgi</span> <span class='ocrx_word' id='word_1_125' title='bbox 927 1991 1043 2076; x_wconf 94' lang='lat' dir='ltr'>opinio</span> <span class='ocrx_word' id='word_1_126' title='bbox 1057 1992 1240 2076; x_wconf 88' lang='lat' dir='ltr'>perpetuos</span> <span class='ocrx_word' id='word_1_127' title='bbox 1253 1988 1284 2055; x_wconf 91' lang='lat' dir='ltr'>ei</span> <span class='ocrx_word' id='word_1_128' title='bbox 1300 2006 1383 2074; x_wconf 75' lang='lat' dir='ltr'>praa·</span> 
     </span>
     <span class='ocr_line' id='line_1_16' title="bbox 171 2095 1386 2185; baseline -0.002 -22"><span class='ocrx_word' id='word_1_129' title='bbox 171 2097 272 2163; x_wconf 84' lang='lat' dir='ltr'>bebai</span> <span class='ocrx_word' id='word_1_130' title='bbox 292 2097 384 2164; x_wconf 87' lang='lat' dir='ltr'>locos</span> <span class='ocrx_word' id='word_1_131' title='bbox 404 2096 698 2185; x_wconf 88' lang='lat' dir='ltr'>magnificentiam</span> <span class='ocrx_word' id='word_1_132' title='bbox 723 2097 925 2164; x_wconf 88' lang='lat' dir='ltr'>orientalem</span> <span class='ocrx_word' id='word_1_133' title='bbox 948 2097 1157 2185; x_wconf 86' lang='lat' dir='ltr'>depingendi</span> <span class='ocrx_word' id='word_1_134' title='bbox 1184 2100 1218 2163; x_wconf 89' lang='lat' dir='ltr'>et</span> <span class='ocrx_word' id='word_1_135' title='bbox 1242 2095 1386 2162; x_wconf 85' lang='lat' dir='ltr'>occasio</span> 
     </span>
     <span class='ocr_line' id='line_1_17' title="bbox 171 2202 1388 2289; baseline -0.002 -19"><span class='ocrx_word' id='word_1_136' title='bbox 171 2223 250 2270; x_wconf 89' lang='lat' dir='ltr'>nem</span> <span class='ocrx_word' id='word_1_137' title='bbox 266 2205 417 2289; x_wconf 90' lang='lat' dir='ltr'>amplam</span> <span class='ocrx_word' id='word_1_138' title='bbox 433 2204 691 2271; x_wconf 89' lang='lat' dir='ltr'>demonstrandi</span> <span class='ocrx_word' id='word_1_139' title='bbox 709 2224 829 2271; x_wconf 88' lang='lat' dir='ltr'>versus</span> <span class='ocrx_word' id='word_1_140' title='bbox 844 2223 912 2271; x_wconf 93' lang='lat' dir='ltr'>non</span> <span class='ocrx_word' id='word_1_141' title='bbox 928 2205 1089 2271; x_wconf 88' lang='lat' dir='ltr'>similiter</span> <span class='ocrx_word' id='word_1_142' title='bbox 1106 2202 1304 2270; x_wconf 88' lang='lat' dir='ltr'>desinentes</span> <span class='ocrx_word' id='word_1_143' title='bbox 1319 2219 1388 2268; x_wconf 92' lang='lat' dir='ltr'>non</span> 
     </span>
     <span class='ocr_line' id='line_1_18' title="bbox 173 2309 1389 2398; baseline -0.003 -20"><span class='ocrx_word' id='word_1_144' title='bbox 173 2311 290 2378; x_wconf 92' lang='lat' dir='ltr'>minus</span> <span class='ocrx_word' id='word_1_145' title='bbox 313 2315 410 2397; x_wconf 90' lang='lat' dir='ltr'>aptos</span> <span class='ocrx_word' id='word_1_146' title='bbox 434 2329 508 2377; x_wconf 91' lang='lat' dir='ltr'>esse</span> <span class='ocrx_word' id='word_1_147' title='bbox 531 2310 574 2377; x_wconf 93' lang='lat' dir='ltr'>ad</span> <span class='ocrx_word' id='word_1_148' title='bbox 598 2330 653 2377; x_wconf 91' lang='lat' dir='ltr'>res</span> <span class='ocrx_word' id='word_1_149' title='bbox 676 2311 918 2379; x_wconf 88' lang='lat' dir='ltr'>describendas</span> <span class='ocrx_word' id='word_1_150' title='bbox 940 2330 1044 2398; x_wconf 86' lang='lat' dir='ltr'>quam</span> <span class='ocrx_word' id='word_1_151' title='bbox 1070 2310 1114 2377; x_wconf 93' lang='lat' dir='ltr'>ad</span> <span class='ocrx_word' id='word_1_152' title='bbox 1143 2309 1331 2376; x_wconf 89' lang='lat' dir='ltr'>concitatos</span> <span class='ocrx_word' id='word_1_153' title='bbox 1356 2312 1389 2375; x_wconf 89' lang='lat' dir='ltr'>et</span> 
     </span>
     <span class='ocr_line' id='line_1_19' title="bbox 172 2416 1390 2504; baseline -0.001 -21"><span class='ocrx_word' id='word_1_154' title='bbox 172 2417 339 2484; x_wconf 90' lang='lat' dir='ltr'>sublimes</span> <span class='ocrx_word' id='word_1_155' title='bbox 353 2435 475 2484; x_wconf 90' lang='lat' dir='ltr'>sensus</span> <span class='ocrx_word' id='word_1_156' title='bbox 490 2416 598 2485; x_wconf 84' lang='lat' dir='ltr'>afflati</span> <span class='ocrx_word' id='word_1_157' title='bbox 612 2417 720 2485; x_wconf 90' lang='lat' dir='ltr'>animi</span> <span class='ocrx_word' id='word_1_158' title='bbox 735 2419 988 2504; x_wconf 87' lang='lat' dir='ltr'>exprimendos.</span> <span class='ocrx_word' id='word_1_159' title='bbox 1005 2421 1174 2486; x_wconf 82' lang='lat' dir='ltr'>Caeterum</span> <span class='ocrx_word' id='word_1_160' title='bbox 1191 2416 1319 2503; x_wconf 90' lang='lat' dir='ltr'>vulgus</span> <span class='ocrx_word' id='word_1_161' title='bbox 1334 2434 1390 2482; x_wconf 90' lang='lat' dir='ltr'>res</span> 
     </span>
     <span class='ocr_line' id='line_1_20' title="bbox 171 2521 1391 2611; baseline -0.001 -21"><span class='ocrx_word' id='word_1_162' title='bbox 171 2541 253 2590; x_wconf 88' lang='lat' dir='ltr'>vero</span> <span class='ocrx_word' id='word_1_163' title='bbox 267 2521 415 2608; x_wconf 88' lang='lat' dir='ltr'>majores</span> <span class='ocrx_word' id='word_1_164' title='bbox 430 2526 463 2590; x_wconf 88' lang='lat' dir='ltr'>et</span> <span class='ocrx_word' id='word_1_165' title='bbox 477 2523 581 2590; x_wconf 86' lang='lat' dir='ltr'>fidem</span> <span class='ocrx_word' id='word_1_166' title='bbox 601 2525 803 2592; x_wconf 88' lang='lat' dir='ltr'>excedentes</span> <span class='ocrx_word' id='word_1_167' title='bbox 817 2544 893 2611; x_wconf 84' lang='lat' dir='ltr'>quae</span> <span class='ocrx_word' id='word_1_168' title='bbox 909 2544 948 2593; x_wconf 90' lang='lat' dir='ltr'>eo</span> <span class='ocrx_word' id='word_1_169' title='bbox 963 2525 1065 2591; x_wconf 91' lang='lat' dir='ltr'>modo</span> <span class='ocrx_word' id='word_1_170' title='bbox 1079 2527 1159 2590; x_wconf 90' lang='lat' dir='ltr'>ante</span> <span class='ocrx_word' id='word_1_171' title='bbox 1173 2523 1292 2590; x_wconf 92' lang='lat' dir='ltr'>oculos</span> <span class='ocrx_word' id='word_1_172' title='bbox 1308 2541 1391 2589; x_wconf 89' lang='lat' dir='ltr'>suos</span> 
     </span>
     <span class='ocr_line' id='line_1_21' title="bbox 171 2630 1390 2717; baseline -0.001 -21"><span class='ocrx_word' id='word_1_173' title='bbox 171 2630 386 2715; x_wconf 90' lang='lat' dir='ltr'>ponebantur</span> <span class='ocrx_word' id='word_1_174' title='bbox 408 2630 588 2715; x_wconf 92' lang='lat' dir='ltr'>plausibus</span> <span class='ocrx_word' id='word_1_175' title='bbox 612 2631 810 2717; x_wconf 89' lang='lat' dir='ltr'>accipiebat,</span> <span class='ocrx_word' id='word_1_176' title='bbox 838 2632 965 2700; x_wconf 86' lang='lat' dir='ltr'>nedum</span> <span class='ocrx_word' id='word_1_177' title='bbox 989 2631 1060 2697; x_wconf 91' lang='lat' dir='ltr'>illis</span> <span class='ocrx_word' id='word_1_178' title='bbox 1085 2630 1281 2709; x_wconf 86' lang='lat' dir='ltr'>laederetur,</span> <span class='ocrx_word' id='word_1_179' title='bbox 1307 2647 1390 2696; x_wconf 93' lang='lat' dir='ltr'>nam</span> 
     </span>
     <span class='ocr_line' id='line_1_22' title="bbox 172 2735 756 2822; baseline 0.005 -19"><span class='ocrx_word' id='word_1_180' title='bbox 172 2755 251 2803; x_wconf 92' lang='lat' dir='ltr'>cum</span> <span class='ocrx_word' id='word_1_181' title='bbox 263 2735 393 2822; x_wconf 89' lang='lat' dir='ltr'>judicio</span> <span class='ocrx_word' id='word_1_182' title='bbox 409 2755 471 2803; x_wconf 92' lang='lat' dir='ltr'>suo</span> <span class='ocrx_word' id='word_1_183' title='bbox 485 2738 756 2806; x_wconf 85' lang='lat' dir='ltr'>consentiebant.</span> 
     </span>
    </p>

    <p class='ocr_par' dir='ltr' id='par_1_4' title="bbox 172 2839 1393 3142">
     <span class='ocr_line' id='line_1_23' title="bbox 216 2839 1393 2931; baseline 0 -22"><span class='ocrx_word' id='word_1_184' title='bbox 216 2845 290 2909; x_wconf 90' lang='lat' dir='ltr'>Non</span> <span class='ocrx_word' id='word_1_185' title='bbox 305 2843 422 2910; x_wconf 88' lang='lat' dir='ltr'>minus</span> <span class='ocrx_word' id='word_1_186' title='bbox 437 2844 468 2910; x_wconf 90' lang='lat' dir='ltr'>ei</span> <span class='ocrx_word' id='word_1_187' title='bbox 482 2847 579 2931; x_wconf 92' lang='lat' dir='ltr'>grata</span> <span class='ocrx_word' id='word_1_188' title='bbox 591 2844 656 2911; x_wconf 87' lang='lat' dir='ltr'>luit</span> <span class='ocrx_word' id='word_1_189' title='bbox 666 2862 721 2911; x_wconf 90' lang='lat' dir='ltr'>res</span> <span class='ocrx_word' id='word_1_190' title='bbox 731 2864 827 2931; x_wconf 89' lang='lat' dir='ltr'>aeque</span> <span class='ocrx_word' id='word_1_191' title='bbox 838 2844 942 2912; x_wconf 87' lang='lat' dir='ltr'>fidem</span> <span class='ocrx_word' id='word_1_192' title='bbox 954 2844 1133 2925; x_wconf 88' lang='lat' dir='ltr'>excedens,</span> <span class='ocrx_word' id='word_1_193' title='bbox 1147 2843 1183 2909; x_wconf 94' lang='lat' dir='ltr'>in</span> <span class='ocrx_word' id='word_1_194' title='bbox 1197 2860 1306 2928; x_wconf 88' lang='lat' dir='ltr'>quam</span> <span class='ocrx_word' id='word_1_195' title='bbox 1315 2839 1393 2927; x_wconf 91' lang='lat' dir='ltr'>jam</span> 
     </span>
     <span class='ocr_line' id='line_1_24' title="bbox 172 2947 1392 3028; baseline 0.002 -15"><span class='ocrx_word' id='word_1_196' title='bbox 172 2947 307 3014; x_wconf 90' lang='lat' dir='ltr'>animos</span> <span class='ocrx_word' id='word_1_197' title='bbox 323 2951 520 3015; x_wconf 86' lang='lat' dir='ltr'>convertere</span> <span class='ocrx_word' id='word_1_198' title='bbox 535 2949 676 3028; x_wconf 87' lang='lat' dir='ltr'>tentavi,</span> <span class='ocrx_word' id='word_1_199' title='bbox 690 2951 723 3015; x_wconf 87' lang='lat' dir='ltr'>et</span> <span class='ocrx_word' id='word_1_200' title='bbox 738 2949 868 3015; x_wconf 89' lang='lat' dir='ltr'>nemini</span> <span class='ocrx_word' id='word_1_201' title='bbox 885 2949 1014 3015; x_wconf 92' lang='lat' dir='ltr'>mirum</span> <span class='ocrx_word' id='word_1_202' title='bbox 1029 2947 1095 3015; x_wconf 87' lang='lat' dir='ltr'>luit</span> <span class='ocrx_word' id='word_1_203' title='bbox 1111 2968 1173 3016; x_wconf 93' lang='lat' dir='ltr'>cur</span> <span class='ocrx_word' id='word_1_204' title='bbox 1186 2949 1230 3015; x_wconf 94' lang='lat' dir='ltr'>ad</span> <span class='ocrx_word' id='word_1_205' title='bbox 1246 2948 1392 3015; x_wconf 90' lang='lat' dir='ltr'>imitan-</span> 
     </span>
     <span class='ocr_line' id='line_1_25' title="bbox 173 3054 1393 3142; baseline 0.002 -22"><span class='ocrx_word' id='word_1_206' title='bbox 173 3054 257 3120; x_wconf 91' lang='lat' dir='ltr'>dum</span> <span class='ocrx_word' id='word_1_207' title='bbox 277 3054 454 3142; x_wconf 84' lang='lat' dir='ltr'>deligeret,</span> <span class='ocrx_word' id='word_1_208' title='bbox 475 3055 683 3141; x_wconf 90' lang='lat' dir='ltr'>quibusdam</span> <span class='ocrx_word' id='word_1_209' title='bbox 704 3057 827 3123; x_wconf 88' lang='lat' dir='ltr'>saltem</span> <span class='ocrx_word' id='word_1_210' title='bbox 844 3056 1017 3141; x_wconf 91' lang='lat' dir='ltr'>partibus,</span> <span class='ocrx_word' id='word_1_211' title='bbox 1044 3056 1164 3123; x_wconf 90' lang='lat' dir='ltr'>heroes</span> <span class='ocrx_word' id='word_1_212' title='bbox 1189 3054 1393 3122; x_wconf 84' lang='lat' dir='ltr'>fabularum</span> 
     </span>
    </p>
   </div>
   <div class='ocr_carea' id='block_1_3' title="bbox 62 3151 1390 3249">
    <p class='ocr_par' dir='ltr' id='par_1_5' title="bbox 62 3151 1390 3249">
     <span class='ocr_line' id='line_1_26' title="bbox 62 3151 1390 3249; baseline 0.004 -25"><span class='ocrx_word' id='word_1_213' title='bbox 62 3151 66 3157; x_wconf 69' lang='grc'><strong>”</strong></span> <span class='ocrx_word' id='word_1_214' title='bbox 174 3159 494 3227; x_wconf 91' lang='lat' dir='ltr'>commenticiarum</span> <span class='ocrx_word' id='word_1_215' title='bbox 506 3180 559 3228; x_wconf 90' lang='lat' dir='ltr'>res</span> <span class='ocrx_word' id='word_1_216' title='bbox 571 3159 1390 3249; x_wconf 86' lang='lat' dir='ltr'>abequitibus(chevaliers)gestasnarrantium,</span> 
     </span>
    </p>
   </div>
   <div class='ocr_carea' id='block_1_4' title="bbox 81 3264 1393 4833">
    <p class='ocr_par' dir='ltr' id='par_1_6' title="bbox 81 3264 1393 3354">
     <span class='ocr_line' id='line_1_27' title="bbox 81 3264 1393 3354; baseline 0.003 -22"><span class='ocrx_word' id='word_1_217' title='bbox 81 3264 98 3328; x_wconf 80' lang='grc'>’.</span> <span class='ocrx_word' id='word_1_218' title='bbox 172 3285 280 3352; x_wconf 90' lang='lat' dir='ltr'>quum</span> <span class='ocrx_word' id='word_1_219' title='bbox 297 3268 492 3334; x_wconf 90' lang='lat' dir='ltr'>Tamerlani</span> <span class='ocrx_word' id='word_1_220' title='bbox 504 3286 686 3353; x_wconf 91' lang='lat' dir='ltr'>personam</span> <span class='ocrx_word' id='word_1_221' title='bbox 701 3266 876 3334; x_wconf 84' lang='lat' dir='ltr'>formaret.</span> <span class='ocrx_word' id='word_1_222' title='bbox 891 3269 1021 3334; x_wconf 93' lang='lat' dir='ltr'>Harum</span> <span class='ocrx_word' id='word_1_223' title='bbox 1032 3267 1228 3335; x_wconf 83' lang='lat' dir='ltr'>fabularum</span> <span class='ocrx_word' id='word_1_224' title='bbox 1240 3271 1393 3354; x_wconf 92' lang='lat' dir='ltr'>populus</span> 
     </span>
    </p>

    <p class='ocr_par' dir='ltr' id='par_1_7' title="bbox 144 3374 1392 4833">
     <span class='ocr_line' id='line_1_28' title="bbox 144 3374 1392 3465; baseline 0.003 -25"><span class='ocrx_word' id='word_1_225' title='bbox 144 3458 147 3465; x_wconf 24' lang='grc' dir='ltr'>Ι</span> <span class='ocrx_word' id='word_1_226' title='bbox 173 3375 328 3442; x_wconf 88' lang='lat' dir='ltr'>studium</span> <span class='ocrx_word' id='word_1_227' title='bbox 352 3380 562 3454; x_wconf 87' lang='lat' dir='ltr'>servaverat,</span> <span class='ocrx_word' id='word_1_228' title='bbox 588 3379 622 3442; x_wconf 92' lang='lat' dir='ltr'>et</span> <span class='ocrx_word' id='word_1_229' title='bbox 643 3374 828 3442; x_wconf 87' lang='lat' dir='ltr'>Marlovius</span> <span class='ocrx_word' id='word_1_230' title='bbox 854 3375 990 3441; x_wconf 86' lang='lat' dir='ltr'>Gallum</span> <span class='ocrx_word' id='word_1_231' title='bbox 1014 3376 1194 3455; x_wconf 82' lang='lat' dir='ltr'>Amadim,</span> <span class='ocrx_word' id='word_1_232' title='bbox 1221 3395 1327 3461; x_wconf 87' lang='lat' dir='ltr'>quem</span> <span class='ocrx_word' id='word_1_233' title='bbox 1353 3376 1392 3444; x_wconf 93' lang='lat' dir='ltr'>in</span> 
     </span>
     <span class='ocr_line' id='line_1_29' title="bbox 172 3481 1391 3568; baseline 0.001 -20"><span class='ocrx_word' id='word_1_234' title='bbox 172 3483 368 3567; x_wconf 92' lang='lat' dir='ltr'>exemplum</span> <span class='ocrx_word' id='word_1_235' title='bbox 383 3486 628 3568; x_wconf 87' lang='lat' dir='ltr'>assumpserat,</span> <span class='ocrx_word' id='word_1_236' title='bbox 645 3486 716 3548; x_wconf 89' lang='lat' dir='ltr'>tam</span> <span class='ocrx_word' id='word_1_237' title='bbox 737 3481 859 3548; x_wconf 85' lang='lat' dir='ltr'>callide</span> <span class='ocrx_word' id='word_1_238' title='bbox 880 3481 1036 3548; x_wconf 88' lang='lat' dir='ltr'>imitatus</span> <span class='ocrx_word' id='word_1_239' title='bbox 1060 3487 1145 3561; x_wconf 89' lang='lat' dir='ltr'>erat,</span> <span class='ocrx_word' id='word_1_240' title='bbox 1171 3487 1209 3550; x_wconf 88' lang='lat' dir='ltr'>ut</span> <span class='ocrx_word' id='word_1_241' title='bbox 1232 3483 1391 3568; x_wconf 89' lang='lat' dir='ltr'>exquisi-</span> 
     </span>
     <span class='ocr_line' id='line_1_30' title="bbox 171 3586 1392 3675; baseline 0.002 -20"><span class='ocrx_word' id='word_1_242' title='bbox 171 3587 298 3655; x_wconf 89' lang='lat' dir='ltr'>tissimi</span> <span class='ocrx_word' id='word_1_243' title='bbox 315 3606 450 3668; x_wconf 77' lang='lat' dir='ltr'>sensuS,</span> <span class='ocrx_word' id='word_1_244' title='bbox 468 3588 567 3654; x_wconf 84' lang='lat' dir='ltr'>mixti</span> <span class='ocrx_word' id='word_1_245' title='bbox 583 3587 664 3654; x_wconf 85' lang='lat' dir='ltr'>seris</span> <span class='ocrx_word' id='word_1_246' title='bbox 680 3586 868 3654; x_wconf 88' lang='lat' dir='ltr'>sceleribus</span> <span class='ocrx_word' id='word_1_247' title='bbox 883 3591 916 3653; x_wconf 92' lang='lat' dir='ltr'>et</span> <span class='ocrx_word' id='word_1_248' title='bbox 936 3587 1104 3673; x_wconf 87' lang='lat' dir='ltr'>praecipiti</span> <span class='ocrx_word' id='word_1_249' title='bbox 1123 3588 1231 3655; x_wconf 86' lang='lat' dir='ltr'>furori</span> <span class='ocrx_word' id='word_1_250' title='bbox 1251 3589 1392 3675; x_wconf 86' lang='lat' dir='ltr'>Scythae</span> 
     </span>
     <span class='ocr_line' id='line_1_31' title="bbox 172 3693 1392 3781; baseline 0.002 -21"><span class='ocrx_word' id='word_1_251' title='bbox 172 3694 411 3773; x_wconf 90' lang='lat' dir='ltr'>semibarbari,</span> <span class='ocrx_word' id='word_1_252' title='bbox 427 3713 494 3761; x_wconf 95' lang='lat' dir='ltr'>non</span> <span class='ocrx_word' id='word_1_253' title='bbox 515 3694 725 3762; x_wconf 84' lang='lat' dir='ltr'>offenderent</span> <span class='ocrx_word' id='word_1_254' title='bbox 749 3693 957 3761; x_wconf 91' lang='lat' dir='ltr'>intuentium</span> <span class='ocrx_word' id='word_1_255' title='bbox 982 3694 1126 3762; x_wconf 86' lang='lat' dir='ltr'>animos.</span> <span class='ocrx_word' id='word_1_256' title='bbox 1145 3697 1214 3762; x_wconf 90' lang='lat' dir='ltr'>Nec</span> <span class='ocrx_word' id='word_1_257' title='bbox 1233 3695 1392 3781; x_wconf 91' lang='lat' dir='ltr'>amplius</span> 
     </span>
     <span class='ocr_line' id='line_1_32' title="bbox 172 3800 1391 3887; baseline 0 -18"><span class='ocrx_word' id='word_1_258' title='bbox 172 3803 333 3886; x_wconf 91' lang='lat' dir='ltr'>delapsus</span> <span class='ocrx_word' id='word_1_259' title='bbox 347 3808 420 3868; x_wconf 88' lang='lat' dir='ltr'>erat</span> <span class='ocrx_word' id='word_1_260' title='bbox 436 3802 470 3867; x_wconf 91' lang='lat' dir='ltr'>in</span> <span class='ocrx_word' id='word_1_261' title='bbox 486 3801 663 3868; x_wconf 89' lang='lat' dir='ltr'>cincinnos</span> <span class='ocrx_word' id='word_1_262' title='bbox 678 3805 712 3867; x_wconf 91' lang='lat' dir='ltr'>et</span> <span class='ocrx_word' id='word_1_263' title='bbox 726 3800 846 3867; x_wconf 86' lang='lat' dir='ltr'>frivola</span> <span class='ocrx_word' id='word_1_264' title='bbox 860 3800 1029 3867; x_wconf 90' lang='lat' dir='ltr'>lenocinia</span> <span class='ocrx_word' id='word_1_265' title='bbox 1046 3801 1266 3887; x_wconf 84' lang='lat' dir='ltr'>Euphuismi,</span> <span class='ocrx_word' id='word_1_266' title='bbox 1283 3801 1391 3869; x_wconf 89' lang='lat' dir='ltr'>fervi-</span> 
     </span>
     <span class='ocr_line' id='line_1_33' title="bbox 173 3907 1389 3995; baseline 0.002 -21"><span class='ocrx_word' id='word_1_267' title='bbox 173 3908 269 3974; x_wconf 90' lang='lat' dir='ltr'>diore</span> <span class='ocrx_word' id='word_1_268' title='bbox 297 3907 389 3974; x_wconf 88' lang='lat' dir='ltr'>enim</span> <span class='ocrx_word' id='word_1_269' title='bbox 418 3908 534 3975; x_wconf 90' lang='lat' dir='ltr'>animo</span> <span class='ocrx_word' id='word_1_270' title='bbox 557 3909 723 3995; x_wconf 89' lang='lat' dir='ltr'>praeditus</span> <span class='ocrx_word' id='word_1_271' title='bbox 747 3913 819 3974; x_wconf 87' lang='lat' dir='ltr'>erat</span> <span class='ocrx_word' id='word_1_272' title='bbox 842 3926 947 3993; x_wconf 86' lang='lat' dir='ltr'>quam</span> <span class='ocrx_word' id='word_1_273' title='bbox 975 3911 1014 3974; x_wconf 92' lang='lat' dir='ltr'>ut</span> <span class='ocrx_word' id='word_1_274' title='bbox 1036 3926 1165 3975; x_wconf 93' lang='lat' dir='ltr'>vanum</span> <span class='ocrx_word' id='word_1_275' title='bbox 1193 3907 1389 3993; x_wconf 89' lang='lat' dir='ltr'>susciperet</span> 
     </span>
     <span class='ocr_line' id='line_1_34' title="bbox 173 4011 1389 4098; baseline 0.002 -19"><span class='ocrx_word' id='word_1_276' title='bbox 173 4013 325 4079; x_wconf 88' lang='lat' dir='ltr'>laborem</span> <span class='ocrx_word' id='word_1_277' title='bbox 345 4011 504 4078; x_wconf 88' lang='lat' dir='ltr'>acumina</span> <span class='ocrx_word' id='word_1_278' title='bbox 525 4012 648 4080; x_wconf 90' lang='lat' dir='ltr'>horum</span> <span class='ocrx_word' id='word_1_279' title='bbox 664 4031 848 4098; x_wconf 87' lang='lat' dir='ltr'>pravorum</span> <span class='ocrx_word' id='word_1_280' title='bbox 860 4012 1016 4098; x_wconf 84' lang='lat' dir='ltr'>jocorum</span> <span class='ocrx_word' id='word_1_281' title='bbox 1038 4014 1237 4081; x_wconf 88' lang='lat' dir='ltr'>exacuendi.</span> <span class='ocrx_word' id='word_1_282' title='bbox 1263 4014 1330 4082; x_wconf 90' lang='lat' dir='ltr'>Sed</span> <span class='ocrx_word' id='word_1_283' title='bbox 1357 4015 1389 4081; x_wconf 92' lang='lat' dir='ltr'>si</span> 
     </span>
     <span class='ocr_line' id='line_1_35' title="bbox 172 4118 1390 4207; baseline 0.002 -21"><span class='ocrx_word' id='word_1_284' title='bbox 172 4118 356 4187; x_wconf 87' lang='lat' dir='ltr'>Marlovius</span> <span class='ocrx_word' id='word_1_285' title='bbox 371 4119 530 4203; x_wconf 89' lang='lat' dir='ltr'>putidum</span> <span class='ocrx_word' id='word_1_286' title='bbox 548 4119 753 4205; x_wconf 86' lang='lat' dir='ltr'>Euphuismi</span> <span class='ocrx_word' id='word_1_287' title='bbox 770 4138 964 4186; x_wconf 90' lang='lat' dir='ltr'>sermonem</span> <span class='ocrx_word' id='word_1_288' title='bbox 975 4121 1170 4199; x_wconf 87' lang='lat' dir='ltr'>declinavit,</span> <span class='ocrx_word' id='word_1_289' title='bbox 1182 4138 1251 4186; x_wconf 92' lang='lat' dir='ltr'>non</span> <span class='ocrx_word' id='word_1_290' title='bbox 1262 4120 1390 4207; x_wconf 85' lang='lat' dir='ltr'>effugit</span> 
     </span>
     <span class='ocr_line' id='line_1_36' title="bbox 173 4226 1389 4313; baseline 0.002 -21"><span class='ocrx_word' id='word_1_291' title='bbox 173 4227 294 4293; x_wconf 89' lang='lat' dir='ltr'>molles</span> <span class='ocrx_word' id='word_1_292' title='bbox 309 4244 431 4293; x_wconf 84' lang='lat' dir='ltr'>sensus</span> <span class='ocrx_word' id='word_1_293' title='bbox 450 4245 536 4311; x_wconf 89' lang='lat' dir='ltr'>quos</span> <span class='ocrx_word' id='word_1_294' title='bbox 556 4244 667 4292; x_wconf 91' lang='lat' dir='ltr'>sermo</span> <span class='ocrx_word' id='word_1_295' title='bbox 687 4226 745 4293; x_wconf 91' lang='lat' dir='ltr'>ille</span> <span class='ocrx_word' id='word_1_296' title='bbox 767 4227 882 4293; x_wconf 91' lang='lat' dir='ltr'>verbis</span> <span class='ocrx_word' id='word_1_297' title='bbox 897 4226 1177 4313; x_wconf 79' lang='lat' dir='ltr'>exquisitioribus</span> <span class='ocrx_word' id='word_1_298' title='bbox 1192 4226 1389 4311; x_wconf 89' lang='lat' dir='ltr'>exprimere</span> 
     </span>
     <span class='ocr_line' id='line_1_37' title="bbox 172 4331 1388 4420; baseline 0 -20"><span class='ocrx_word' id='word_1_299' title='bbox 172 4333 336 4408; x_wconf 84' lang='lat' dir='ltr'>tentabat,</span> <span class='ocrx_word' id='word_1_300' title='bbox 354 4336 387 4399; x_wconf 94' lang='lat' dir='ltr'>et</span> <span class='ocrx_word' id='word_1_301' title='bbox 402 4331 542 4418; x_wconf 73' lang='lat' dir='ltr'>Juventa</span> <span class='ocrx_word' id='word_1_302' title='bbox 563 4352 623 4401; x_wconf 91' lang='lat' dir='ltr'>sua</span> <span class='ocrx_word' id='word_1_303' title='bbox 645 4332 779 4400; x_wconf 86' lang='lat' dir='ltr'>favente</span> <span class='ocrx_word' id='word_1_304' title='bbox 798 4334 991 4420; x_wconf 89' lang='lat' dir='ltr'>populoque</span> <span class='ocrx_word' id='word_1_305' title='bbox 1009 4333 1161 4413; x_wconf 92' lang='lat' dir='ltr'>conscio,</span> <span class='ocrx_word' id='word_1_306' title='bbox 1187 4332 1388 4400; x_wconf 91' lang='lat' dir='ltr'>hocerrore</span> 
     </span>
     <span class='ocr_line' id='line_1_38' title="bbox 172 4437 1386 4525; baseline -0.003 -19"><span class='ocrx_word' id='word_1_307' title='bbox 172 4441 334 4525; x_wconf 87' lang='lat' dir='ltr'>deceptus</span> <span class='ocrx_word' id='word_1_308' title='bbox 352 4438 429 4507; x_wconf 89' lang='lat' dir='ltr'>luit.</span> <span class='ocrx_word' id='word_1_309' title='bbox 447 4438 587 4506; x_wconf 86' lang='lat' dir='ltr'>Fabulae</span> <span class='ocrx_word' id='word_1_310' title='bbox 602 4444 847 4525; x_wconf 83' lang='lat' dir='ltr'>argumentum</span> <span class='ocrx_word' id='word_1_311' title='bbox 863 4444 896 4505; x_wconf 90' lang='lat' dir='ltr'>et</span> <span class='ocrx_word' id='word_1_312' title='bbox 909 4439 1017 4505; x_wconf 91' lang='lat' dir='ltr'>nodos</span> <span class='ocrx_word' id='word_1_313' title='bbox 1038 4437 1252 4524; x_wconf 89' lang='lat' dir='ltr'>explicando,</span> <span class='ocrx_word' id='word_1_314' title='bbox 1269 4440 1386 4503; x_wconf 89' lang='lat' dir='ltr'>osten-</span> 
     </span>
     <span class='ocr_line' id='line_1_39' title="bbox 172 4542 1386 4633; baseline -0.004 -18"><span class='ocrx_word' id='word_1_315' title='bbox 172 4548 251 4615; x_wconf 93' lang='lat' dir='ltr'>dam</span> <span class='ocrx_word' id='word_1_316' title='bbox 279 4551 431 4614; x_wconf 89' lang='lat' dir='ltr'>ceterum</span> <span class='ocrx_word' id='word_1_317' title='bbox 457 4545 534 4612; x_wconf 90' lang='lat' dir='ltr'>illos</span> <span class='ocrx_word' id='word_1_318' title='bbox 563 4563 745 4633; x_wconf 90' lang='lat' dir='ltr'>generosos</span> <span class='ocrx_word' id='word_1_319' title='bbox 760 4564 883 4612; x_wconf 90' lang='lat' dir='ltr'>sensus</span> <span class='ocrx_word' id='word_1_320' title='bbox 897 4563 916 4611; x_wconf 92' lang='lat' dir='ltr'>a</span> <span class='ocrx_word' id='word_1_321' title='bbox 932 4545 1093 4612; x_wconf 90' lang='lat' dir='ltr'>Marlovio</span> <span class='ocrx_word' id='word_1_322' title='bbox 1108 4545 1255 4610; x_wconf 86' lang='lat' dir='ltr'>insertos</span> <span class='ocrx_word' id='word_1_323' title='bbox 1275 4542 1386 4610; x_wconf 90' lang='lat' dir='ltr'>luisse</span> 
     </span>
     <span class='ocr_line' id='line_1_40' title="bbox 171 4649 1386 4740; baseline -0.001 -19"><span class='ocrx_word' id='word_1_324' title='bbox 171 4653 303 4722; x_wconf 91' lang='lat' dir='ltr'>artibus</span> <span class='ocrx_word' id='word_1_325' title='bbox 317 4652 582 4722; x_wconf 90' lang='lat' dir='ltr'>verisimillimis</span> <span class='ocrx_word' id='word_1_326' title='bbox 598 4652 632 4719; x_wconf 95' lang='lat' dir='ltr'>in</span> <span class='ocrx_word' id='word_1_327' title='bbox 647 4652 840 4720; x_wconf 89' lang='lat' dir='ltr'>Tamerlani</span> <span class='ocrx_word' id='word_1_328' title='bbox 855 4652 1011 4721; x_wconf 90' lang='lat' dir='ltr'>animum</span> <span class='ocrx_word' id='word_1_329' title='bbox 1026 4651 1200 4720; x_wconf 83' lang='lat' dir='ltr'>excelsum</span> <span class='ocrx_word' id='word_1_330' title='bbox 1215 4653 1249 4718; x_wconf 89' lang='lat' dir='ltr'>et</span> <span class='ocrx_word' id='word_1_331' title='bbox 1263 4649 1386 4740; x_wconf 86' lang='lat' dir='ltr'>gloriae</span> 
     </span>
     <span class='ocr_line' id='line_1_41' title="bbox 171 4761 325 4833; baseline -0.026 0"><span class='ocrx_word' id='word_1_332' title='bbox 171 4761 325 4833; x_wconf 73' lang='lat' dir='ltr'>avidum,</span> 
     </span>
    </p>
   </div>
   <div class='ocr_carea' id='block_1_5' title="bbox 0 0 1564 5474">
    <p class='ocr_par' dir='ltr' id='par_1_8' title="bbox 0 0 1564 5474">
     <span class='ocr_line' id='line_1_42' title="bbox 0 0 1564 5474; baseline 0 0"><span class='ocrx_word' id='word_1_333' title='bbox 0 0 1564 5474; x_wconf 95' lang='lat' dir='ltr'> </span> 
     </span>
    </p>
   </div>
  </div>
 </body>
</html>
