3120 5474
610 458 768 523 ..95-

77 629 184 707 fidem
207 629 399 720 adjungere
430 627 617 705 Christiani
645 632 709 713 est,
737 645 896 717 negasse,
925 625 1100 714 imprimis
1123 643 1181 701 eas
1206 643 1293 711 uuas

78 738 213 815 Divina
236 738 423 825 Scripturas
450 756 513 810 nos
542 736 666 809 docent
694 736 736 813 de
760 738 955 823 temporum
974 733 1107 821 ordire,
1130 734 1172 803 de
1183 730 1292 821 jussis

77 864 97 915 a
134 848 206 921 Deo
242 845 351 934 Moysi
389 844 480 923 detis
516 847 551 918 et
586 844 629 918 de
666 843 800 932 origine
836 841 954 919 divina
991 839 1240 923 miraculorum
1273 856 1293 907 a

76 953 193 1040 Moyse
233 951 418 1034 factorum,
458 951 500 1023 de
532 952 656 1023 natura
688 951 806 1025 divina
833 953 867 1020 et
898 947 1081 1031 christiani
1114 946 1229 1021 cultus
1261 947 1295 1023 et

74 1059 315 1141 resederim,
353 1059 426 1147 qui,
466 1076 528 1131 sua
569 1057 753 1141 sententia,
792 1057 945 1146 amplius
982 1073 1089 1145 quem
1120 1051 1295 1135 Barahbas

75 1170 227 1245 morem
255 1166 434 1250 meruerit,
468 1165 629 1253 quamvis
657 1166 715 1235 hie
737 1164 829 1245 furta
859 1167 893 1243 et.
915 1163 1025 1247 cedes
1048 1159 1292 1245 commisisset.

75 1273 262 1353 canuam
283 1273 425 1361 insuper
444 1274 606 1353 eumdem
629 1272 759 1352 dixisse
778 1271 933 1351 veritatis
951 1273 1082 1351 lucem,
1102 1268 1134 1347 si
1152 1267 1294 1355 quidem

74 1399 159 1460 vere
174 1380 246 1457 siut
257 1381 296 1461 iu
309 1379 377 1453 lide
391 1381 594 1462 christiana,
616 1382 708 1468 apud
722 1380 909 1461 catholicoe
931 1395 1095 1480 romanos
1108 1373 1293 1464 qurereuda

75 1506 164 1570 esse,
181 1505 254 1563 non
268 1491 385 1563 autern
399 1489 493 1576 apud
509 1488 587 1565 illos
603 1489 662 1574 qui
675 1492 901 1576 protestante
911 1477 1148 1567 nominemur,
1161 1486 1195 1563 el
1205 1480 1293 1561 nibil

73 1594 173 1663 aliud
188 1598 305 1673 essent
318 1595 387 1667 nisi
410 1595 616 1684 religionem
640 1595 846 1675 simulantes
870 1594 980 1679 asini;
1007 1612 1056 1674 se,
1082 1591 1112 1673 si
1139 1606 1293 1677 unquam

44 1792 47 1797 .
73 1701 284 1791 religionem
298 1701 537 1785 fabricaretur,
559 1703 657 1779 iilam
676 1702 842 1777 facillime
865 1703 912 1771 ita
931 1700 1200 1777 informaturum
1218 1714 1293 1766 esse

72 1812 115 1881 ui
128 1812 310 1896 praestaret
323 1810 486 1887 omuibus
500 1810 604 1883 rebus
619 1829 697 1898 qum
712 1813 806 1881 Novo
820 1810 1038 1887 Testamenta
1052 1804 1187 1883 traditae
1201 1803 1291 1887 sint;

73 1920 219 1989 cunctos
241 1917 435 2004 Apostolos,
459 1918 566 1994 Paulo
590 1922 741 2004 excepto,
769 1917 927 1995 homines
950 1914 1100 1996 fortuitis
1124 1913 1291 1999 expertes,

73 2022 190 2101 obtusi
218 2023 353 2112 ingenii
380 2027 415 2093 et
439 2024 636 2101 illitteratos
659 2024 788 2106 fuissei
819 2043 868 2106 se,
899 2023 1029 2111 pariter
1049 2039 1090 2100 ac
1108 2018 1291 2109 Reginam,

73 2130 261 2217 pecuniam
287 2130 459 2207 lecturum
488 2151 577 2216 esse,
606 2136 640 2200 et
667 2132 758 2209 inter
786 2150 867 2209 suos
893 2129 1083 2206 familiares
1106 2125 1292 2214 quemdum

73 2255 262 2313 numerare
276 2238 435 2322 Paolum,
459 2239 651 2315 incarcere
668 2240 811 2317 nomine
828 2240 1004 2326 deucere
1018 2235 1193 2317 inclusum
1208 2234 1243 2312 et
1255 2230 1293 2307 in

72 2346 222 2432 pecunia
237 2346 460 2433 percutienda
478 2348 653 2428 solertem,
674 2347 735 2435 qui
750 2346 906 2417 docuerit
923 2362 1004 2419 aum
1018 2345 1130 2421 artem
1144 2337 1292 2423 cudendi

72 2453 221 2541 gauims
245 2471 410 2529 nummos
430 2454 558 2541 quibus
580 2453 736 2529 Picentes
754 2471 882 2531 nornen
904 2455 939 2527 et
961 2449 1177 2528 Britannicos
1194 2446 1294 2523 Sitel-

75 2560 199 2650 linys;
213 2561 402 2648 quemdam
417 2561 606 2631 Ricardum
621 2562 871 2639 Cholmeleium
889 2558 1052 2650 (Richard
1062 2551 1293 2643 (ihelmeleiia

72 2665 240 2735 llarlovio
269 2666 458 2743 adductum
480 2666 590 2741 fuisse
614 2667 657 2741 ad
693 2666 992 2751 sententiamque
1024 2664 1077 2748 nii
1107 2661 1195 2744 nulii
1218 2677 1295 2741 esse

73 2772 218 2843 omnino
241 2775 394 2857 putatur,
421 2778 454 2842 et
478 2774 594 2860 ipsum
618 2793 693 2849 rem
718 2773 915 2849 confessum
939 2790 1036 2851 esse;
1056 2807 1102 2833 -,
1123 2787 1203 2858 quae
1224 2765 1293 2841 cri-

73 2878 183 2961 mina,
207 2879 239 2949 si
267 2897 409 2954 neeesse
434 2884 535 2962 esset,
557 2885 681 2956 cuncta
692 2880 919 2968 iureiurando
933 2884 967 2955 et
985 2879 1028 2963 ab
1050 2876 1206 2962 bubastis
1223 2877 1292 2958 tes-

73 2985 168 3062 tibur
186 2984 478 3063 confirmarentur
488 2991 513 3054 ¹.

118 3093 200 3165 lise
220 3092 349 3170 delatio
370 3111 390 3168 a
413 3093 556 3169 Ritsone
587 3092 737 3182 (Rusoni
769 3113 811 3170 eu
839 3093 1024 3172 uectorem
1050 3090 1170 3174 codice
1190 3088 1291 3171 6853.
1340 3102 1344 3121 ’

72 3196 132 3271 fol.
149 3198 217 3275 300
230 3202 401 3285 assecuta,
418 3200 574 3286 orimum
589 3199 823 3286 indueremus
834 3197 1294 3284 iussintozotseroauoas

73 3323 120 3372 oo
146 3307 331 3375 Wartom's
354 3308 506 3393 Histore
531 3307 574 3392 of
593 3307 774 3393 Enetoud
797 3309 947 3392 Poetry,
974 3324 1007 3391 p.
1033 3306 1090 3390 40,
1106 3303 1197 3387 edita
1211 3302 1292 3389 suit,

73 3413 288 3481 Notaverunt
307 3413 463 3498 quidam,
484 3417 523 3480 ut
542 3413 647 3499 hujus
671 3419 887 3481 momentum
911 3412 1125 3496 minuerent,
1154 3411 1250 3493 uuila
1273 3429 1292 3478 e

73 3517 284 3595 criminibus
306 3519 379 3595 illis
397 3518 524 3606 iuratis
546 3520 694 3601 testibus
719 3520 922 3602 confirmate
945 3518 1070 3605 fuisse,
1095 3535 1161 3603 uae
1186 3517 1292 3603 eiiam

72 3624 354 3710 quibuscumque
375 3627 602 3706 testimoniis,
630 3632 664 3695 et
683 3629 795 3714 plura,
815 3628 907 3709 siem
929 3626 1059 3711 crimen
1080 3623 1295 3709 adulterium

72 3732 213 3809 audisse
240 3751 415 3813 nummos,
441 3735 576 3807 nullam
600 3735 727 3807 habere
750 3734 869 3813 iidem.
893 3734 922 3815 ii
944 3736 1038 3814 certe
1064 3731 1101 3798 in
1129 3749 1291 3819 superue-

72 3855 222 3917 ceneum
236 3839 305 3915 uisi
325 3843 420 3917 sunt.
442 3840 575 3917 ueratro
595 3841 701 3921 euim,
723 3839 824 3927 ouius
843 3840 995 3925 mitium,
1017 3839 1094 3926 sine
1115 3837 1232 3924 dubio,
1259 3839 1294 3921 et

71 3945 186 4030 prima
201 3945 412 4014 lineamenta
422 3947 526 4015 ducta
541 3948 680 4014 suntab
695 3947 891 4015 inconsulto
901 3964 1059 4013 sermone
1070 3945 1152 4014 vele
1163 3942 1292 4031 scurri-

70 4051 165 4118 lihus
179 4055 215 4118 et
228 4053 432 4138 periculosis
442 4052 533 4139 jocis
546 4053 720 4132 Marlovii,
741 4053 780 4120 in
799 4072 836 4121 se
851 4053 1070 4121 manifestam
1087 4051 1192 4139 habeb
1203 4050 1292 4137 bauo

69 4159 252 4248 geminam
280 4159 419 4247 inertie
446 4162 480 4229 et
505 4159 759 4246 malevolentiae
787 4160 937 4247 speciem
965 4155 1291 4246 saluberrimum

68 4264 264 4355 praetium·
297 4265 598 4353 Quemadmodum
627 4266 745 4354 medie
774 4285 847 4345 aevo
882 4265 1024 4356 crimini
1063 4264 1210 4351 deletur
1247 4261 1296 4347 iis

67 4389 223 4458 querum
246 4372 536 4460 machinabantur
562 4372 771 4460 perniciem,
800 4373 1033 4461 incantatores
1053 4388 1144 4449 esse,
1169 4367 1231 4459 sie,
1251 4384 1294 4441 eo

66 4482 239 4567 ternpore,
266 4477 304 4551 in
328 4478 530 4567 regionibus
553 4496 703 4567 quarum
725 4478 827 4557 nouis
858 4477 1085 4569 religionibus
1113 4474 1293 4551 studentes

68 4603 128 4663 res
142 4583 301 4673 sanuses
318 4586 496 4675 seruam,
517 4586 544 4675 ii
559 4586 797 4677 ereremum
813 4585 869 4672 vel
883 4587 972 4661 nes
990 4601 1066 4661 ess
1081 4581 1177 4667 nuria
1193 4583 1292 4669 pauo

106 4823 115 4860 ¹
130 4821 333 4875 Documentum
346 4821 401 4876 uid.
417 4823 447 4876 in
461 4823 534 4878 uotis
548 4824 595 4892 (Β).
