3120 5474
678 367 856 431 ..150-

167 542 359 630 spectacula
386 560 464 626 quae
484 558 594 607 seenae
615 538 790 620 dicuntur,
820 538 1004 623 aliquando
1024 556 1093 606 non
1111 538 1177 605 alia
1197 556 1271 605 eum
1287 537 1347 605 aliis
1419 538 1421 545 '

166 653 300 721 tantum
317 634 486 734 quantum
502 646 587 713 satis
599 649 650 713 est
664 645 934 733 conjunguntur.
951 647 1019 713 Nee
1033 645 1124 713 inter
1138 665 1175 713 se
1190 646 1350 714 commissa

167 760 248 825 sunt
271 755 401 842 liquida
425 757 626 821 eventorum
650 754 750 832 serie,
774 771 838 821 nec
861 753 928 819 alia
957 753 1035 819 aliis
1061 753 1109 820 ita
1132 756 1307 821 nectuntur
1324 758 1354 820 ut

166 864 298 933 exitum
317 852 421 930 suum
436 861 584 927 habeant
607 879 713 946 quum
736 860 850 927 sabula
878 865 1075 947 peragatur.
1094 862 1223 927 Horum
1239 866 1355 928 evento·

164 991 246 1039 rum
274 971 311 1038 in
338 970 452 1036 locum
474 968 662 1035 succedunt
686 967 827 1053 quidem
854 967 1048 1034 Tamerlani
1074 968 1146 1036 vita
1171 972 1205 1034 et
1226 967 1357 1046 fortuna,

168 1077 266 1165 cujus
285 1075 444 1143 miranda
460 1076 492 1140 31
508 1073 677 1140 immensa
696 1072 828 1160 efligies
841 1073 958 1139 oeulos
973 1075 1043 1139 tam
1067 1073 1217 1139 intentos
1235 1073 1359 1154 detinet,

168 1189 207 1252 ut
221 1184 271 1252 rei
291 1187 388 1250 tenor
402 1184 436 1249 et
450 1181 532 1249 nodi
557 1199 627 1248 non
646 1185 717 1249 tam
744 1182 929 1249 necessarii
950 1181 1019 1248 sint
1039 1180 1120 1247 huic
1133 1179 1258 1246 fabulae
1271 1198 1363 1264 quam

168 1291 259 1359 aliis.
277 1290 319 1357 Hi
335 1293 450 1356 tamen
465 1306 714 1375 nonnunquam
739 1289 989 1365 desiderantur,
1015 1291 1048 1356 et
1071 1306 1181 1374 quum
1206 1287 1365 1355 Tamerla-

168 1416 235 1466 nus
254 1396 419 1483 apulpito
447 1395 605 1475 discedit,
631 1413 739 1480 quum
763 1396 955 1481 praesertim
978 1395 1057 1461 aliis
1080 1394 1218 1461 casibus
1246 1398 1368 1460 mentes

168 1504 327 1590 oculique
342 1503 378 1569 in
393 1502 495 1570 breve
509 1505 646 1587 tempus
661 1502 704 1568 ab
717 1520 755 1568 eo
770 1502 1000 1581 abducuntur,
1018 1501 1134 1569 fabula
1149 1501 1261 1568 subito
1274 1501 1371 1568 desis-

169 1612 222 1694 tit,
245 1613 279 1678 et
298 1613 490 1696 spectantes
509 1609 697 1694 perturbati
714 1609 873 1675 nesciunt
888 1610 929 1676 ad
953 1628 1039 1696 quas
1058 1627 1114 1674 res
1137 1608 1191 1676 vel
1216 1626 1373 1694 personas

169 1719 304 1787 animos
324 1717 503 1784 intendere
521 1716 678 1782 debeant.
700 1715 864 1796 Tandem,
891 1720 1014 1802 praeter
1038 1717 1215 1803 ingentem
1239 1717 1374 1782 Tamer-

170 1825 242 1893 lani
270 1821 461 1911 imaginem
488 1838 566 1905 quae
588 1822 660 1886 tam
684 1821 839 1888 valenter
862 1820 1052 1908 effingitur,
1083 1825 1121 1888 ut
1150 1822 1316 1889 induatur
1343 1842 1378 1889 ea

170 1930 410 2020 magnitudine
443 1945 631 1994 numerum
664 1927 856 1994 humanum
892 1928 1069 1994 excedenti
1101 1930 1135 1995 et
1172 1929 1379 2015 quibusdam

169 2035 489 2123 lliehaelis-Angeli
518 2036 679 2120 operibus
702 2036 850 2121 propria,
882 2055 1036 2122 personae
1059 2037 1170 2104 levius
1201 2037 1381 2105 delineatae

171 2148 264 2213 sunt.
292 2146 361 2212 Nec
384 2146 456 2210 tam
479 2143 651 2229 spirantes
674 2147 767 2222 sunt,
793 2161 856 2210 nec
870 2150 942 2209 tam
961 2142 1003 2209 ad
1019 2147 1179 2212 naturam
1194 2163 1383 2212 accommo-

172 2255 260 2320 datae
294 2255 330 2318 ut
361 2251 434 2318 veri
471 2250 701 2317 similitudine
738 2251 910 2317 intuentes
945 2251 1134 2336 decipiant,
1167 2255 1201 2318 et
1235 2255 1384 2318 attentos

172 2363 320 2426 teneant.
343 2359 493 2436 Cunctae,
510 2359 710 2424 Zenocrates
724 2357 810 2443 ipsa,
829 2357 940 2424 solum
958 2357 1121 2444 adjuvant
1141 2359 1184 2425 ad
1205 2359 1385 2425 illustran-

172 2467 256 2534 dum
292 2466 464 2531 heroicam
502 2465 697 2531 Tamerlani
736 2464 903 2551 effigiem,
943 2483 1020 2549 quae
1057 2465 1211 2532 mediam
1241 2469 1388 2551 occupat

173 2591 322 2640 scenam.
340 2572 471 2657 Saepius
487 2572 638 2652 tandem,
663 2590 770 2658 quum
786 2573 986 2658 loquuntur,
1004 2575 1122 2656 poetae,
1141 2591 1210 2640 non
1229 2573 1386 2659 ipsarum

112 2727 116 2738 ·
172 2699 296 2748 sensus
311 2679 521 2764 exprimunt.

215 2784 304 2851 Vitia
320 2785 393 2865 1113,
415 2784 549 2851 mendae
568 2785 760 2870 praesertim
784 2785 911 2871 quibus
930 2785 1051 2852 tironis
1075 2786 1211 2854 inscitia
1233 2788 1389 2855 declara-

172 2893 285 2974 batur,
316 2891 358 2958 de
386 2894 512 2958 Fausto
536 2893 717 2958 tolluntur.
744 2893 818 2959 Non
847 2892 959 2959 solum
985 2893 1168 2960 Marlovius
1193 2897 1392 2980 repudiavit

172 3000 250 3085 plus
265 3017 363 3083 aequo
378 2998 562 3065 sublimem
578 3002 612 3066 et
626 3017 828 3086 generosam
848 3018 1013 3067 sensuum
1029 3003 1062 3066 31
1076 3001 1261 3068 verborum
1278 3002 1390 3070 virtu·

172 3109 241 3173 tem
261 3125 328 3191 qua
342 3107 567 3172 Tamerlanus
582 3109 763 3191 corruptus
783 3110 846 3185 est,
871 3108 928 3175 sed
949 3108 1052 3173 etiam
1073 3106 1225 3174 fructum
1245 3110 1337 3194 cepit
1357 3114 1392 3177 31

172 3232 213 3279 ex
228 3213 354 3283 sabulis
369 3217 452 3279 tunc
466 3213 501 3278 in
518 3213 765 3280 Londinienses
789 3233 909 3281 scenas
934 3215 1096 3293 inductis,
1118 3234 1267 3300 quarum
1290 3235 1389 3302 spec-

173 3324 249 3388 tans
265 3319 341 3401 fuit,
358 3323 392 3386 et
406 3339 424 3386 e
439 3320 561 3405 peritia
576 3339 680 3404 quam
696 3321 835 3408 collegit
850 3322 934 3407 ipse,
952 3321 1099 3407 primam
1116 3320 1269 3388 fabulam
1287 3342 1389 3389 suam

172 3427 336 3494 docendo.
371 3428 415 3493 Ut
448 3428 555 3511 poetis
588 3430 683 3494 tanto
718 3428 858 3515 ingenio
890 3429 1043 3513 praeditis
1079 3429 1285 3496 documento
1316 3431 1391 3498 sint

171 3536 340 3619 praecepta
356 3534 460 3600 rebus
474 3534 612 3614 tradita,
634 3552 697 3600 nec
716 3554 794 3616 usu,
822 3530 885 3602 nee
909 3540 1061 3621 tempore
1084 3536 1187 3623 longo
1210 3553 1297 3620 opus
1320 3543 1387 3604 est.

172 3642 321 3707 Persona
336 3659 414 3727 quae
428 3641 559 3725 primas
578 3644 692 3726 partes
707 3642 779 3728 agit
793 3646 864 3708 tam
884 3647 981 3709 atrox
1000 3647 1033 3709 et
1055 3643 1187 3730 tragica
1205 3646 1257 3709 est
1281 3663 1390 3729 quarn

170 3748 406 3815 Tamerlanus.
428 3749 467 3814 In
485 3749 684 3834 posteriore,
712 3749 800 3815 sicut
826 3750 862 3815 in
881 3750 994 3835 priore
1018 3748 1144 3828 fabula,
1162 3768 1308 3834 persona
1327 3751 1390 3818 illa

172 3854 304 3922 medios
319 3861 352 3920 et
367 3872 522 3922 summos
535 3854 660 3923 fabulae
674 3856 766 3923 locos
781 3859 884 3923 tenet.
902 3858 941 3924 ln
955 3875 1030 3923 eam
1050 3857 1166 3923 omnia
1182 3860 1331 3944 vergunt
1356 3861 1391 3926 et

171 3962 388 4048 perveniunt.
406 3963 487 4029 Haec
510 3980 627 4030 rerum
651 3963 914 4050 cogitandarum
935 3964 1022 4030 ratio
1042 3964 1084 4031 ad
1105 3963 1260 4030 ltlarlovii
1287 3966 1389 4031 natu-

172 4087 248 4136 ram
278 4069 532 4137 accommodata
567 4068 674 4137 fuisse
703 4071 855 4152 videtur,
890 4089 928 4136 ea
960 4070 1052 4137 enim
1084 4089 1169 4136 usus
1198 4073 1249 4136 est
1276 4090 1389 4157 quum

173 4176 349 4256 scriberet,
373 4194 442 4242 non
462 4176 575 4244 solum
603 4176 676 4244 haee
697 4178 864 4258 dramata,
888 4179 947 4245 sed
967 4177 1052 4243 alias
1077 4196 1157 4243 suas
1185 4176 1333 4257 tabulae,
1355 4181 1391 4244 et

173 4281 285 4367 reipsa
300 4283 343 4349 ad
359 4282 424 4349 viri
440 4282 620 4369 ingenium
637 4287 670 4349 et
683 4300 795 4350 mores
810 4284 1047 4370 respondebat.
1064 4284 1159 4368 Saepe
1173 4282 1322 4350 secunda
1336 4288 1392 4352 est

173 4388 305 4455 artibus
326 4389 415 4475 aptis
435 4389 477 4456 ad
497 4389 547 4456 rei
566 4390 673 4457 nodos
692 4391 876 4457 nectendos
899 4390 1147 4474 solvendosque
1170 4394 1204 4456 et
1227 4391 1270 4455 ad
1290 4409 1390 4475 spee-

173 4497 284 4562 tantes
298 4495 519 4565 vehementer
533 4497 730 4565 movendos.
748 4499 788 4565 In
807 4516 914 4565 unam
933 4516 1007 4564 rem
1033 4501 1066 4563 31
1089 4497 1125 4563 in
1146 4513 1252 4562 unam
1271 4515 1390 4582 perso-

173 4619 255 4669 nam
269 4603 385 4669 ooulos
408 4603 610 4690 animosque
630 4603 842 4673 intuentium
866 4605 955 4670 miro
979 4605 1080 4670 modo
1104 4602 1276 4681 conducit,
1295 4605 1391 4688 quod

173 4707 298 4776 fabulae
312 4726 448 4778 summa
463 4714 515 4778 331
529 4714 562 4778 31
580 4711 730 4780 maxime
745 4711 937 4780 necessaria
957 4711 1080 4779 virtus.
1101 4710 1231 4778 Deinde
1255 4709 1391 4780 circum
