3120 5474
671 338 871 441 kua-

218 547 335 616 Meniae
350 548 448 629 liber,
466 549 609 635 hispane
624 551 785 636 scriptus,
803 551 903 636 paulo
920 553 996 636 post
1010 551 1047 618 in
1062 552 1216 621 italicam
1232 558 1266 620 et
1285 554 1375 642 galli-

174 676 250 724 cani
279 657 437 744 linguam
459 659 646 726 translatus
669 658 751 738 fuit,
777 662 811 725 et
833 658 956 726 deinde
980 678 1020 726 ex
1046 660 1171 747 gallica
1196 661 1234 728 in
1257 661 1380 730 britan-

174 782 302 831 nicam.

219 872 334 937 Prima
354 871 627 940 britannicarum
649 874 840 941 editionum
864 875 901 941 in
924 876 1052 962 vulgus
1070 875 1198 943 emissa
1219 876 1287 943 fuit
1301 896 1385 944 anno
1416 937 1420 943 .

174 978 361 1045 millesimo
376 979 655 1066 quingentesimo
670 982 923 1068 septuagesimo
937 983 1050 1068 primo
1067 980 1181 1071 (1571)
1196 1004 1204 1062 ;
1223 985 1386 1061 secunda,

174 1103 264 1152 anno
279 1086 465 1152 millesimo
480 1088 759 1174 quingentesimo
775 1090 1029 1176 septuagesimo
1045 1093 1139 1157 sexto
1156 1089 1274 1178 (1576)
1291 1092 1390 1158 idest

173 1213 282 1279 quum
298 1194 481 1261 hlarlovius
496 1194 610 1261 inians
629 1195 816 1262 admodum
833 1201 934 1264 esset.
954 1197 1071 1263 Prima
1087 1196 1257 1284 inscripta
1272 1204 1347 1266 est:

215 1374 228 1405 a
245 1348 311 1413 The
326 1352 457 1413 Foreste
473 1369 510 1412 or
525 1350 698 1413 Collection
720 1349 755 1413 of
772 1352 944 1431 Histories‚
962 1372 1003 1415 no
1019 1355 1102 1415 lesse
1118 1355 1299 1435 profitable,
1318 1356 1392 1417 theu

173 1452 317 1531 pleasant
340 1449 402 1511 and
426 1450 618 1522 necessarie,
644 1449 747 1512 dooen
772 1459 827 1513 out
855 1449 890 1512 oi
913 1446 1055 1513 Frenche
1078 1452 1146 1514 into
1173 1452 1335 1534 Englishe
1359 1453 1393 1532 by

172 1547 311 1610 Thomas
328 1550 510 1613 Fortescue.
533 1549 607 1609 Act
622 1547 682 1610 uite
698 1547 826 1624 (utile),
842 1549 1105 1628 autjmundum,
1123 1557 1181 1612 aut
1199 1557 1390 1633 utrumque.

174 1647 347 1729 lmprinted
362 1657 393 1709 at
408 1645 539 1708 London
556 1644 689 1725 bython
709 1648 888 1728 Kyngston,
904 1646 953 1710 sor
967 1648 1118 1726 Willyam
1134 1651 1247 1728 lones,
1265 1649 1359 1711 1571.
1378 1674 1389 1702 ι

215 1812 410 1881 Tamerlani
437 1810 617 1879 historiam
641 1812 791 1899 reperies
810 1813 846 1881 in
871 1814 982 1901 capite
1005 1816 1129 1898 quarto
1156 1813 1308 1898 decimo,
1336 1816 1391 1883 cui

172 1919 294 1987 titulus
316 1940 324 1986 :

215 2087 227 2116 ‹
246 2061 289 2126 Of
299 2060 350 2124 the
365 2060 554 2124 Renoumed
569 2062 631 2124 and
641 2064 750 2143 greate
764 2059 998 2136 Tamberlaine,
1011 2058 1046 2122 ol
1056 2057 1107 2122 the
1119 2059 1315 2142 kingdomes
1327 2061 1389 2124 and

171 2161 333 2224 countries
348 2159 413 2223 that
433 2158 472 2222 he
487 2159 639 2239 subdued,
656 2159 718 2222 and
739 2159 845 2238 finally
860 2156 894 2220 os
905 2157 955 2220 his
969 2158 1106 2241 practise
1119 2159 1184 2222 and
1199 2179 1340 2223 manner
1353 2161 1387 2220 in

170 2279 286 2325 warre.
306 2283 318 2313 ›

217 2406 431 2473 Perondinus
450 2405 555 2472 latine
575 2404 730 2490 scripsit,
756 2402 919 2489 inquiunt
943 2402 1131 2471 Hersordus
1154 2406 1190 2471 et
1208 2405 1384 2492 Wagner,

172 2516 205 2581 et
224 2514 319 2580 nullo
333 2513 434 2578 modo
449 2511 597 2580 Maniam
612 2514 750 2578 secutus
764 2514 828 2577 est.
845 2510 968 2579 Omnia
983 2511 1246 2578 circumstantia
1268 2530 1387 2578 rerum

172 2639 249 2705 quae
267 2639 285 2686 a
306 2619 467 2686 lllarlovio
488 2638 557 2686 non
582 2622 718 2705 sumpta
742 2618 883 2685 fuerunt
906 2637 925 2684 e
948 2618 1074 2696 nexta,
1102 2618 1330 2686 inveniuntur
1349 2619 1388 2685 in

172 2725 356 2794 Perondini
372 2726 459 2793 libro
474 2726 573 2813 cujus
589 2726 724 2806 tituluS,
740 2725 968 2810 transcriptus
983 2724 1199 2806 adverbum,
1217 2730 1269 2792 est
1291 2747 1299 2792 :

212 2882 325 2962 Magni
348 2882 548 2944 Tamerlanis
574 2879 758 2961 Scytharum
781 2881 988 2962 Imperatoris
1006 2881 1081 2944 Vita
1101 2900 1121 2944 a
1144 2882 1242 2944 Petro
1260 2882 1389 2945 Peron-

74 3065 80 3076 ·
171 2979 246 3042 diuo
262 2981 416 3043 Pratense
431 2980 621 3063 conscripta.
639 2980 822 3060 Florentiae,
840 2981 995 3042 MDLIll.

214 3129 323 3195 Meuia
337 3127 387 3194 ait
400 3128 437 3195 in
452 3129 615 3214 proaemio
639 3147 701 3196 suo
720 3129 848 3196 multos
865 3128 957 3214 apud
981 3128 1165 3209 Romanos,
1192 3129 1328 3196 Graecos
1352 3132 1388 3196 et

170 3233 472 3323 Carthaginienses
500 3236 725 3322 imperatores
755 3235 863 3303 fuisse
887 3234 946 3321 qui
968 3234 1139 3302 maximas
1163 3253 1218 3302 res
1238 3235 1275 3301 in
1296 3236 1389 3303 bello

170 3343 341 3430 gesserint
353 3347 386 3410 et
400 3344 527 3429 quibus
541 3343 602 3410 fati
619 3361 764 3411 munere
787 3343 908 3409 datum
932 3342 998 3409 erit
1021 3344 1060 3408 ut
1083 3341 1205 3408 laudes
1224 3360 1347 3410 eorum
1369 3364 1390 3410 a

171 3450 396 3535 scriptoribus
410 3450 448 3517 in
461 3452 590 3539 vulgus
604 3451 702 3517 elatae
715 3450 865 3529 fuerint;
887 3468 997 3535 nuper
1017 3452 1132 3516 autem
1146 3448 1263 3516 virum
1279 3451 1389 3516 exsti-

170 3557 253 3623 tisse
268 3556 312 3624 iis
327 3559 506 3643 aequalem,
525 3557 623 3644 cujus
638 3560 755 3624 tamen
773 3575 899 3644 magna
924 3560 958 3622 et
984 3555 1124 3644 egregia
1145 3554 1235 3622 lacta
1251 3575 1271 3622 a
1288 3557 1390 3624 nullo

169 3664 337 3731 celebrata
352 3664 502 3744 fuerint;
524 3668 732 3750 quapropter
748 3682 784 3731 se
803 3663 920 3748 ipsum
941 3662 1031 3730 hanc
1050 3680 1170 3730 curam
1190 3650 1390 3748 suscepisse

169 3774 202 3836 et
218 3770 250 3838 ei
265 3789 403 3838 necesse
418 3771 525 3838 fuisse
541 3772 718 3859 collegerit
736 3771 887 3856 undique
911 3769 1018 3836 libros
1042 3773 1075 3836 et
1099 3767 1235 3835 libellos
1257 3770 1389 3854 quibus

169 3876 276 3945 oratio
296 3879 405 3944 multa
424 3878 615 3945 habebatur
629 3879 672 3946 de
687 3877 790 3964 hujus
805 3877 871 3945 viri
889 3877 1040 3964 egregiis
1064 3875 1163 3943 factis
1183 3877 1218 3942 et
1237 3875 1279 3942 de
1301 3895 1388 3963 gen-

169 3986 262 4052 tibus
289 3985 332 4051 ab
360 4004 400 4052 eo
423 3985 576 4066 domitis,
603 3985 742 4072 oblique
762 3988 878 4052 autem
903 3989 936 4051 et
960 3984 1112 4062 confuse,
1138 3984 1177 4049 ut
1202 3982 1388 4050 materiam
1446 4040 1449 4045 .

169 4091 266 4160 illam
290 4092 409 4159 ordine
433 4092 649 4177 disponeret;
677 4111 712 4160 se
736 4093 845 4180 igitur
871 4091 1026 4179 primum
1048 4090 1156 4159 fuisse
1175 4087 1236 4173 qui
1256 4089 1387 4157 devita

168 4199 361 4267 Tamerlani
376 4198 536 4266 distincte
552 4198 741 4285 scripserit.

213 4306 427 4374 Perondinus
440 4324 564 4391 parum
580 4325 719 4391 pressus
734 4310 767 4374 et
781 4306 979 4374 redundans
994 4309 1057 4372 est.
1080 4305 1184 4372 Facta
1206 4305 1326 4370 autem
1351 4306 1387 4371 et

168 4414 401 4481 narrationem
416 4412 586 4498 disposuit
600 4413 719 4480 eodem
738 4414 840 4480 modo
863 4413 898 4479 et
919 4411 1040 4478 Mexia.
1068 4411 1255 4496 Utriusque
1279 4427 1386 4496 opera

169 4519 360 4604 continent,
381 4522 421 4588 ut
442 4519 632 4588 verisimile
657 4522 725 4603 est,
751 4520 868 4588 omnia
892 4538 970 4607 quae
992 4519 1034 4587 de
1056 4519 1261 4586 Tamerlano
1286 4520 1385 4586 sexto

168 4627 303 4698 decimo
318 4629 442 4695 saeculo
457 4628 574 4696 audita
593 4628 741 4696 fuerant.

214 4735 335 4804 Forma
356 4736 389 4802 et
403 4735 533 4803 ratione
548 4735 625 4804 duae
644 4738 757 4822 partes
778 4732 996 4803 Marlovianae
1019 4730 1155 4814 fabulae,
1180 4732 1276 4820 prior
1299 4751 1386 4822 prae·
