3120 5474
698 422 858 486 ..13-

165 616 295 664 nomen
323 594 502 675 Interludi‚
527 614 605 680 quae
628 593 766 674 fabulae,
797 595 836 661 ut
863 611 982 659 resae
1006 594 1143 677 tempus
1167 592 1386 678 postulabant

166 705 319 788 scriptae,
342 706 375 769 et
399 703 435 767 in
454 701 532 768 aula
553 700 647 788 regia
668 702 764 778 actae,
790 699 940 766 inventae
956 698 1010 765 vel
1035 697 1071 764 in
1094 699 1211 784 populi
1235 699 1385 786 gratiam

163 815 296 876 vocatae
326 809 467 875 fuerunt
494 828 513 874 a
542 809 672 874 Joanne
705 806 897 893 Heywoodo
933 803 1040 892 (John
1067 806 1267 893 Heywood)
1296 805 1386 872 circa

163 916 350 984 dimidiam
373 918 406 982 et
427 914 654 1000 posteriorem
668 916 800 998 partem
816 912 930 998 quinti
945 911 1072 978 decimi
1088 914 1124 978 P.
1142 914 1177 978 d.
1195 915 1235 978 N.
1253 898 1384 991 saeculi,

165 1022 330 1090 Eduardo
359 1023 482 1107 quarto
507 1023 708 1106 regnante1.
740 1019 802 1085 His
826 1019 862 1084 in
887 1018 1029 1097 fabulis,
1060 1018 1138 1103 quae
1165 1018 1284 1085 llorali
1316 1036 1388 1085 car·
1488 1087 1491 1092 ,

164 1128 256 1194 mini
272 1127 439 1214 proximat
454 1128 586 1206 erant2,
602 1145 774 1212 personae,
801 1131 876 1193 tum
902 1126 1006 1192 etiam
1021 1144 1131 1211 quum
1155 1126 1227 1193 solo
1247 1126 1388 1194 nomine

165 1237 253 1301 artis
268 1254 373 1320 quam
389 1235 593 1302 exercebant
613 1234 879 1319 appellarentur,
898 1251 965 1298 non
982 1251 1069 1300 vana
1089 1232 1255 1319 figmenta
1275 1236 1385 1312 erant,

165 1343 228 1408 sed
244 1343 317 1408 veri
332 1343 503 1408 homines.

212 1449 277 1530 Qui
297 1450 427 1517 morale
446 1465 586 1515 carmen
610 1445 817 1526 scribebant,
842 1465 861 1513 a
880 1448 994 1513 lamen
1019 1464 1087 1513 non
1111 1447 1187 1514 ausi
1211 1450 1293 1515 sunt
1311 1465 1386 1514 rem

165 1574 246 1639 quau
263 1573 355 1622 nunc
370 1555 506 1622 videtur
521 1553 563 1619 ad
580 1554 643 1620 hoc
653 1552 849 1619 fabularum
869 1571 979 1640 genus
994 1553 1186 1637 aptissima,
1204 1552 1386 1621 confestim

164 1665 200 1728 et
215 1663 360 1748 abrupte
375 1661 531 1748 aggredi.
548 1661 628 1726 Sine
639 1660 744 1726 dubio
759 1659 981 1725 timebantne
994 1679 1050 1726 res
1065 1661 1299 1744 spectantibus
1316 1678 1386 1726 non

163 1770 329 1854 placeret,
347 1769 461 1853 itaque
478 1786 601 1834 cursus
616 1767 670 1833 sui
686 1766 873 1853 vestigium
888 1766 1106 1833 inflexerunt.
1124 1769 1296 1854 Legerunt
1311 1768 1386 1833 tum

164 1875 358 1962 tragoediae,
393 1878 468 1940 tum
493 1874 681 1955 comoediae,
712 1876 788 1940 tum
819 1873 982 1958 permixti
1011 1873 1149 1960 generis
1179 1874 1233 1941 cui
1261 1893 1388 1941 nomen

165 1983 289 2049 drama
313 1983 404 2067 apud
429 1982 650 2058 recentiores
675 1983 884 2067 argumenta
909 1980 1094 2064 inquibus
1119 1981 1275 2065 personis
1295 1981 1388 2048 veris

162 2087 356 2175 junxerunt
370 2088 539 2174 quasdam
562 2106 580 2154 e
600 2087 690 2154 fictis
704 2105 782 2172 quae
800 2086 923 2154 morali
939 2086 1085 2154 carmini
1109 2087 1256 2173 propriae
1275 2090 1385 2156 erant.

166 2196 241 2277 Quo
279 2195 379 2275 lacto,
405 2194 551 2263 rediisse
575 2193 784 2262 videbantur
808 2194 850 2260 ad
876 2192 987 2274 initia,
1018 2192 1126 2260 idest
1154 2195 1195 2260 ad
1222 2195 1388 2280 mysteria

166 2301 297 2385 quibus
316 2301 438 2386 primae
460 2303 586 2367 harum
609 2319 837 2386 personarum
858 2300 895 2366 in
911 2318 1049 2366 scenam
1069 2299 1219 2368 inductae
1233 2300 1386 2369 fuerunt.

167 2408 213 2473 Et
228 2426 311 2474 sane
322 2409 472 2493 quodam
489 2407 591 2473 modo
606 2410 699 2474 retro
714 2407 899 2473 redierant.
915 2408 961 2472 At
976 2425 1012 2472 se
1024 2424 1245 2492 nequaquam
1255 2408 1390 2475 abdica-

165 2517 290 2581 verant
318 2517 415 2599 parta
443 2513 603 2598 superius
628 2514 786 2580 libertate
809 2516 1034 2600 argumenta,
1060 2533 1170 2599 quum
1194 2533 1213 2581 e
1236 2514 1389 2600 profanis

166 2620 353 2687 annalibus
368 2623 429 2687 aut
443 2620 612 2701 moribus,
629 2624 705 2688 tum
726 2639 744 2687 e
764 2620 942 2706 Scriptura
963 2621 1087 2687 Sancta
1111 2621 1275 2708 eligendi.
1293 2623 1389 2689 Hanc

166 2726 273 2792 etiam
290 2731 468 2806 auxerant,
485 2728 529 2794 ils
547 2729 640 2795 enim
656 2729 776 2794 datum
792 2731 866 2794 erat
880 2726 952 2814 jus,
976 2729 1018 2794 de
1033 2747 1101 2814 quo
1121 2746 1191 2795 non
1210 2732 1283 2795 erat
1307 2732 1389 2797 tunc

167 2835 413 2912 controversia,
436 2854 504 2901 non
530 2836 644 2902 solum
664 2835 791 2901 Morale
818 2853 959 2902 carmen
985 2834 1170 2916 scribendi,
1200 2835 1389 2903 sedetiam

166 2941 367 3027 tragoedias,
386 2941 572 3008 comoedias
592 2944 626 3008 et
639 2942 853 3028 permixtum
868 2961 979 3029 genus
994 2942 1115 3009 drama
1131 2942 1277 3022 dictum,
1295 2946 1329 3009 et
1350 2962 1389 3010 eo

162 3045 244 3132 jure
255 3052 541 3133 recuperaverant
549 3066 712 3134 campum
723 3049 825 3135 longe
836 3049 1005 3127 latiorem,
1018 3047 1054 3113 in
1066 3067 1134 3133 quo
1145 3039 1245 3116 musa
1255 3049 1390 3116 scenica

167 3154 341 3219 exsultare
355 3158 483 3239 posset.
507 3156 550 3221 Ut
568 3155 728 3222 venirent
746 3155 783 3220 in
802 3154 995 3240 pleniorem
1010 3156 1266 3240 possessionem
1281 3156 1390 3222 trium

167 3277 339 3346 generum
354 3279 432 3344 quae
447 3262 723 3346 complectuntur
744 3260 814 3328 lere
829 3265 918 3328 totas
935 3260 1068 3328 fabulas
1085 3263 1120 3328 in
1137 3280 1256 3328 scenas
1273 3281 1389 3330 recen-

169 3367 275 3433 tiores
299 3370 405 3447 actas,
422 3386 532 3434 unum
556 3368 731 3454 reliquum
755 3371 840 3448 erat,
867 3386 903 3434 se
926 3373 1101 3454 postrema
1125 3369 1291 3436 servitute
1310 3370 1391 3438 libe

169 3491 260 3552 rare,
276 3492 442 3559 personas
463 3474 653 3541 abstractas
678 3477 711 3541 et
730 3474 828 3541 fictas
853 3493 871 3541 e
890 3475 1035 3541 theatris
1058 3476 1270 3561 expellendo,
1297 3479 1389 3561 quod

168 3597 239 3645 non
255 3580 404 3646 arduum
419 3579 496 3664 suit,
518 3581 586 3667 ipsi
601 3581 695 3648 enim
719 3581 808 3648 hanc
833 3582 946 3669 legem
973 3581 1039 3648 sibi
1063 3582 1225 3667 prudenti
1245 3582 1389 3650 consilio

169 3685 419 3771 imposuerant.

215 3793 280 3859 Diu
305 3794 396 3861 docti
426 3792 670 3871 existimarunt
693 3794 839 3862 moralia
864 3794 1018 3863 carmina
1042 3813 1110 3862 non
1131 3795 1258 3882 scripta
1283 3795 1390 3863 luisse

169 3902 250 3966 ante
278 3900 422 3968 ultimos
439 3919 547 3968 annos
566 3901 680 3987 quinti
696 3900 822 3970 decimi
842 3903 880 3968 P.
900 3903 936 3968 d.
953 3902 993 3969 N.
1011 3902 1128 3970 saeculi
1144 3904 1177 3968 et
1194 3905 1270 3970 acta
1283 3901 1392 3970 fuisse

203 4139 212 4173 ¹
231 4137 360 4201 Quaedam
376 4138 448 4190 inter
460 4138 573 4190 llloralia
587 4139 720 4203 carmina,
730 4138 884 4204 praesertim
897 4140 969 4191 inter
984 4138 1187 4204 antiquissima,
1201 4138 1392 4194 inscribuntur

170 4219 231 4283 ipsa
252 4219 383 4269 interludi
406 4222 434 4269 et
459 4219 512 4270 hoc
535 4232 636 4270 nomen
658 4220 728 4270 forte
750 4220 856 4270 ducunt
877 4233 959 4270 exeo
983 4221 1056 4283 quod
1077 4219 1213 4285 principio
1238 4223 1392 4285 agebantur

169 4299 277 4348 medios
296 4298 368 4348 inter
390 4299 584 4362 llysteriorum
604 4302 683 4350 actus
701 4299 744 4350 vel
766 4304 866 4365 parles.
888 4301 991 4353 Verum
1012 4301 1104 4364 Payno
1125 4300 1239 4351 Colliero
1262 4301 1391 4355 videntur

168 4377 347 4428 nominandae
364 4391 422 4428 esse
439 4379 570 4428 interludi
588 4381 652 4430 solae
668 4379 776 4440 fabulae,
792 4384 823 4429 ut
841 4393 933 4430 resae
950 4383 1058 4444 tempus
1078 4381 1253 4444 postulabant
1269 4383 1389 4448 scriptae,

169 4471 240 4523 quas
253 4458 369 4507 credunt
382 4459 515 4508 loannem
530 4459 714 4523 Heywoodum
728 4460 802 4524 apud
814 4460 959 4510 Britannos
973 4459 1111 4512 iuvenisse

201 4541 213 4575 2
229 4536 307 4599 Quod
320 4536 399 4588 facile
412 4537 571 4602 perspicies,
585 4539 608 4588 si
626 4540 715 4589 solum
734 4539 917 4602 quarumdam
936 4539 1033 4602 legeris
1051 4539 1166 4590 titulos:
1188 4541 1211 4590 A
1231 4556 1308 4605 mery
1323 4543 1389 4605 play
1447 4548 1450 4553 ’

167 4619 286 4669 betwene
303 4616 346 4666 tlte
364 4617 508 4667 Pordoner
522 4619 577 4668 and
591 4619 634 4668 tlte
646 4620 748 4681 Friere,
761 4619 804 4668 tlte
817 4625 910 4669 curete
924 4620 980 4668 aad
992 4620 1112 4691 neybour
1125 4621 1237 4683 Pratte;
1252 4621 1303 4671 The
1316 4622 1390 4671 nour

166 4699 235 4760 P's,·
251 4696 325 4748 John
341 4697 387 4746 Tib
401 4699 457 4747 aad
470 4697 511 4747 sir
522 4698 614 4760 Jolua,¹
629 4699 701 4761 Play
718 4700 751 4760 of
764 4698 807 4748 tlte
828 4699 966 4761 Weolltcr,¹
985 4699 1038 4749 Wil
1053 4700 1110 4750 aad
1123 4701 1201 4764 Folly
1210 4717 1220 4762 ;
1236 4700 1389 4753 denttemen

165 4779 224 4831 ared
237 4777 360 4843 Notitiae
368 4792 378 4841 ,·
392 4778 518 4829 Boaulies
533 4779 589 4828 ancl
600 4779 670 4843 qood
680 4779 830 4844 properlies
843 4780 876 4843 of
892 4779 1008 4830 ll'omen.
