3150 5476
825 372 1003 438 488-

311 545 398 625 toph.
423 545 588 616 Marlovii,
615 545 667 608 ubi
690 552 825 625 quatuor
851 546 920 625 eJus
946 545 1182 627 tragoedieerum
1212 545 1408 606 mentionem
1436 541 1509 622 lacit,

312 661 371 704 noc
391 661 458 705 non
470 651 501 705 et
514 643 645 706 alterius
659 643 708 704 Dc
722 644 813 704 Duce
830 643 944 705 Guisio
961 642 981 703 ¹.
1001 668 1013 697 ι

354 807 500 874 Tanneri
515 808 685 876 consentit
700 807 913 886 Wartonius,
930 813 965 874 et
979 808 1175 893 opinionem
1196 807 1271 894 ejus
1295 807 1414 884 refert,
1438 806 1513 892 quin

310 913 414 980 etiam
437 912 629 981 confirmat.
655 914 793 1000 Dycius,
819 914 855 980 in
877 915 1165 982 llarlovianorum
1185 932 1329 1000 operum
1345 912 1512 999 proaemio,

311 1037 379 1086 non
404 1020 538 1087 dubitat
559 1021 642 1105 quin
668 1021 702 1087 in
720 1022 877 1088 eamdem
897 1022 1102 1089 sententiam
1125 1026 1290 1088 transeat.
1312 1022 1362 1087 Ea
1386 1020 1469 1087 vicit
1487 1024 1517 1086 et

311 1126 449 1193 videtur
471 1127 514 1194 ad
538 1146 654 1194 rerum
680 1134 838 1195 naturam
860 1128 1229 1196 accommodatissima.
1246 1130 1315 1195 Nec
1334 1127 1517 1195 verisimile

311 1238 374 1309 est,
404 1252 467 1300 nec
490 1235 692 1319 praesertim,
720 1253 828 1318 quum
853 1236 895 1302 de
920 1253 958 1300 re
983 1235 1069 1300 nihil
1099 1253 1209 1320 neque
1233 1235 1515 1309 demonstratum,

312 1358 423 1422 neque
442 1340 669 1426 conjectatum
686 1346 748 1417 est,
769 1342 848 1407 licet
863 1341 1001 1407 credere
1015 1343 1180 1408 Thomam
1196 1341 1289 1408 Nash
1304 1359 1386 1407 cum
1402 1341 1517 1406 llario·

311 1446 379 1525 vio,
395 1447 455 1532 qui
471 1447 507 1513 in
523 1448 686 1532 proaemio
703 1447 809 1513 libelli
825 1448 1016 1533 Menapbon
1035 1448 1190 1533 inscripti
1215 1447 1313 1513 abeo
1337 1447 1519 1513 insectatus

311 1556 345 1618 et
363 1552 487 1620 irrisus
511 1552 634 1626 luerat,
660 1554 696 1620 in
719 1554 868 1642 gratiam
893 1554 1057 1633 rediisse;
1085 1555 1156 1620 llaec
1175 1554 1268 1620 enim
1288 1553 1416 1640 agendi
1438 1552 1519 1619 ratio

311 1659 413 1747 longe
432 1660 594 1727 dissentit
616 1661 660 1727 ab
685 1661 866 1746 utriusque
890 1661 1058 1727 moribus
1086 1663 1135 1727 Eo
1158 1661 1275 1726 minus
1300 1659 1407 1726 fidem
1431 1658 1517 1736 facit,

311 1766 483 1851 praecipue
512 1768 725 1852 temporibus
748 1785 839 1833 anno
863 1769 900 1833 P.
927 1768 962 1833 C.
989 1770 1016 1834 N
1042 1767 1226 1833 millesimo
1245 1766 1520 1853 quingentesimo

312 1873 536 1961 nonagesimo
554 1872 665 1960 (1590)
683 1872 920 1958 superioribus
940 1872 1078 1958 quibus
1101 1871 1128 1937 si
1147 1872 1261 1956 Payno
1281 1871 1428 1937 Colliero
1451 1869 1520 1955 ipso

312 1977 409 2058 fides,
437 1978 563 2044 laboris
592 1982 769 2045 consortes
797 1977 955 2056 luissent,
986 1978 1077 2063 quod
1101 1978 1310 2045 contumelia
1336 1978 1520 2044 novissima

312 2087 494 2151 tuncerat.
516 2087 586 2151 Hoc
609 2087 747 2152 tandem
773 2103 841 2150 non
865 2085 1138 2151 obliviscendum
1163 2090 1226 2162 est,
1253 2086 1442 2164 Greeuum,
1466 2082 1520 2168 qui

311 2191 450 2257 Thomae
473 2192 564 2258 Nash
590 2191 722 2258 amicus
746 2196 831 2269 erat,
853 2196 887 2257 et
905 2193 1123 2258 contumeliae
1147 2192 1319 2277 particeps
1343 2191 1468 2270 luerat,
1487 2208 1521 2255 eo

312 2302 465 2383 tempore
488 2298 608 2376 luisse,
639 2303 807 2382 eiusque
835 2299 878 2365 ad
908 2298 1012 2365 linem
1043 2299 1275 2384 permansisse
1304 2298 1522 2384 pertinaciter

313 2403 489 2470 infensum
505 2405 679 2484 bladovic,
697 2424 776 2472 cum
791 2425 860 2491 quo
880 2411 995 2491 aperte
1010 2407 1247 2472 contendebat.
1271 2404 1453 2472 Manifesta
1475 2408 1522 2470 est

313 2514 429 2579 contra
446 2529 548 2578 causa
568 2531 630 2578 cur
650 2513 800 2578 Thomas
818 2514 908 2579 Nash
934 2513 1163 2579 libentissime
1187 2513 1424 2597 interruptum
1442 2530 1522 2596 opus

313 2617 445 2683 inimici
462 2617 528 2696 sui,
545 2637 563 2684 e
578 2619 648 2686 vita
663 2620 817 2705 migrati,
839 2619 1049 2704 perfecisset.
1066 2620 1154 2687 Illud
1176 2620 1465 2698 consummanda,
1489 2619 1522 2684 in

313 2724 401 2790 hanc
425 2742 520 2809 spem
549 2725 706 2792 veniebat
734 2745 770 2792 se
794 2726 828 2792 in
858 2745 997 2793 scenam
1018 2726 1249 2792 excitaturum
1274 2743 1350 2792 esse
1371 2726 1520 2810 plausus,

314 2830 376 2895 bos
390 2831 484 2895 enim
502 2831 544 2898 ad
568 2832 754 2899 movendos
778 2833 860 2899 solis
885 2834 957 2898 suis
981 2833 1128 2910 viribus,
1147 2837 1184 2898 ut
1208 2833 1281 2917 ipse
1305 2832 1520 2909 concedebat,

314 2936 428 3021 impar
441 2941 514 3004 erat
529 2939 633 3024 quod,
652 2945 690 3007 ut
704 2940 869 3017 Greenus
887 2940 928 3006 ad
950 2941 1092 3006 satiram
1109 2939 1282 3024 imprimis
1299 2938 1521 3024 compositus,

314 3044 414 3129 inops
428 3049 502 3111 erat
516 3046 683 3113 virtutum
703 3046 830 3130 quibus
850 3046 975 3113 fabulae
999 3048 1041 3112 ad
1062 3046 1177 3112 felices
1200 3046 1314 3112 exitus
1337 3045 1521 3112 ducuntur.

315 3153 443 3219 Praeter
476 3154 564 3233 haec,
603 3156 758 3241 amplum
792 3154 938 3220 habebat
974 3155 1086 3220 locum
1127 3154 1181 3219 sui
1217 3152 1390 3238 jactandi,
1425 3168 1525 3238 parvo

315 3259 502 3344 impendio,
514 3261 556 3328 de
572 3281 608 3328 re
623 3261 783 3328 clementi
799 3260 1012 3346 liberalique,
1031 3260 1191 3326 laudibus
1204 3258 1400 3326 extollendo
1415 3257 1524 3325 inimi·

315 3384 394 3433 cum
410 3371 492 3434 tunc
506 3387 573 3435 non
589 3367 826 3446 metuendum,
843 3371 877 3434 et
897 3368 1007 3453 reipsa
1028 3386 1067 3434 eo
1085 3386 1169 3433 usus
1183 3371 1235 3432 est
1253 3384 1365 3451 quum
1388 3381 1525 3432 carmen

315 3473 505 3559 elegiacum
521 3472 647 3541 fabulae
660 3473 840 3559 praefixum
858 3474 1008 3558 scripsit.

358 3581 536 3668 Tragoedia
556 3583 652 3648 Dido
673 3581 849 3666 inscripta,
875 3581 986 3666 inquit
1009 3582 1145 3666 Paynus
1164 3579 1344 3658 Collierus
1365 3597 1454 3664 opus
1476 3582 1526 3645 est

315 3687 480 3753 eximium
496 3691 529 3753 et
543 3686 719 3754 decorum.
737 3688 798 3753 llis
814 3686 928 3753 verbis
943 3686 1056 3753 fabula
1072 3690 1164 3753 certe
1177 3703 1244 3752 non
1262 3704 1368 3770 supra
1384 3686 1525 3752 modum

314 3792 499 3860 extollitur.
521 3793 604 3859 illibi
618 3797 734 3861 autem
754 3794 890 3860 videtur
911 3812 1030 3860 curam
1050 3792 1274 3880 singulariter
1290 3791 1437 3857 arduam
1452 3809 1524 3858 sus·

314 3899 457 3984 cepisse,
481 3918 590 3985 quum
614 3900 821 3967 laboraverit
846 3904 883 3966 ut
902 3901 993 3967 locos
1013 3919 1031 3965 a
1053 3898 1217 3966 Marlovio
1236 3898 1384 3982 scriptos
1405 3917 1426 3964 a
1445 3897 1526 3964 locis

315 4025 401 4090 quos
422 4006 569 4073 Thomas
591 4008 681 4073 Nasb
703 4007 933 4092 composuerit
952 4005 1160 4093 sejungeret.
1186 4004 1371 4072 Contendit
1390 4020 1527 4070 carmen

313 4113 453 4179 Thomae
467 4113 558 4178 Nasb
574 4132 640 4181 una
656 4117 690 4181 et
703 4115 821 4181 eadem
838 4113 930 4179 modi
947 4112 1167 4198 percussione
1186 4112 1324 4199 insigne
1339 4129 1428 4190 esse,
1445 4112 1525 4178 dum

314 4217 499 4284 ltlarlovius
510 4219 670 4284 solertius
680 4220 790 4285 variat
799 4237 985 4285 numerum
999 4222 1033 4285 et
1046 4219 1263 4304 interpuncta
1276 4237 1412 4297 versus,
1425 4235 1525 4304 quem

316 4322 428 4410 magis
443 4324 669 4410 profluentem
685 4330 718 4391 et
735 4344 898 4392 canorum
919 4325 1035 4392 elficit.
1054 4326 1181 4411 Dycius
1204 4329 1342 4393 recusat
1366 4343 1410 4392 ne
1432 4325 1524 4391 illam

315 4431 573 4518 indagationem
595 4431 770 4513 moliatur,
788 4436 821 4498 et
839 4433 869 4499 ei
895 4451 968 4499 rem
992 4435 1182 4509 detrectare
1201 4450 1240 4499 eo
1263 4432 1378 4518 magis
1389 4430 1449 4517 jus
1463 4433 1522 4508 est,

315 4539 406 4624 quod
422 4557 510 4624 saepe
520 4557 666 4607 numero
676 4541 813 4626 Paynus
823 4540 990 4607 (lollierus
1000 4539 1129 4609 frustra
1144 4540 1288 4606 enititur
1298 4543 1337 4606 ut
1348 4557 1422 4607 rem
1436 4538 1523 4605 dilu-

346 4729 355 4764 ¹
369 4729 449 4793 Dyce,
462 4731 515 4782 loc.
532 4731 582 4782 cit.
599 4745 627 4796 p.
642 4745 719 4783 xxxv.
