3120 5474
612 397 769 459 ..pg-

75 584 203 632 scenas
231 585 312 633 vere
340 562 489 632 comicas
517 583 604 650 quas
637 566 794 632 nonnulli
838 565 1022 651 scriptores
1057 567 1232 635 interdum
1260 569 1297 635 in

74 670 217 739 fabulas
247 692 328 740 suas
356 673 572 751 inseverunt,
602 674 636 738 et
664 673 844 739 scientiam
873 691 988 739 mores
1020 674 1235 742 describendi
1264 679 1299 743 et
1363 716 1366 720 -

74 797 206 845 sensus
220 779 329 845 animi
348 781 506 845 accurate
524 777 678 858 notandi,
700 798 778 861 quae
797 798 837 845 eo
854 779 1102 863 frequentiores
1121 780 1209 848 fiunt
1229 801 1297 866 quo

74 888 307 955 humaniores
337 889 417 954 sunt
444 890 638 971 spectantes
663 889 696 953 et
719 886 845 953 fabulae
873 887 1076 975 diligentius
1099 887 1294 954 elaboratae.

71 995 181 1060 Artes
198 993 342 1060 moralis
356 992 523 1058 carminis
543 992 655 1058 adhuc
675 991 803 1057 imitati
820 997 900 1059 sunt
916 993 940 1058 ii
955 993 1014 1078 qui
1033 994 1152 1060 drama
1168 1011 1297 1059 novum

73 1100 307 1185 seripserunt,
326 1116 435 1183 quum
455 1100 633 1164 tentarunt
652 1100 690 1165 ut
709 1102 902 1182 spectantes
924 1100 1148 1166 admonerent
1166 1098 1298 1165 eventis

71 1207 128 1271 rei
152 1209 185 1271 et
208 1222 434 1290 personarum
465 1204 635 1283 moribus,
667 1208 701 1270 et
728 1204 801 1271 haec
829 1205 971 1271 consilia
995 1207 1232 1290 praeceptaque
1259 1205 1296 1271 in

68 1311 194 1378 lucem
209 1309 402 1396 proferrent
416 1309 568 1376 fabulam
584 1310 791 1396 peragendo.
814 1312 984 1377 Caeterum
1007 1330 1048 1376 ex
1066 1311 1249 1378 interludis
1264 1313 1298 1377 et

69 1417 207 1496 larvis,
238 1416 532 1502 quemadmodum
562 1435 580 1481 e
608 1416 739 1482 comica
779 1419 934 1483 veterum
967 1417 1163 1484 fabularum
1200 1419 1297 1501 parte

69 1523 252 1608 permulta
277 1523 442 1607 oeperunt
464 1522 621 1607 exempla
645 1540 755 1606 quum
780 1524 895 1589 satirae
919 1542 996 1608 quae
1024 1522 1107 1589 vitia
1135 1523 1294 1609 castigat,

69 1632 154 1693 tum
171 1628 327 1694 scurrilis
342 1627 494 1715 generis,
510 1628 557 1693 ita
573 1630 611 1694 ut
625 1628 720 1695 nulla
741 1645 823 1695 cura
844 1629 1095 1714 impedirentur
1109 1629 1295 1713 quominus

69 1733 237 1800 eamdem
252 1734 345 1802 viam
361 1740 598 1820 sequerentur,
612 1739 752 1821 excepta
768 1754 807 1802 ea
818 1738 909 1822 quod
925 1738 1016 1805 inter
1027 1739 1076 1804 tot
1091 1740 1294 1824 argumenta

70 1840 207 1925 eligere
222 1841 371 1907 arduum
386 1844 472 1907 erat.

121 1947 148 2012 E
167 1947 420 2014 commenticiis
450 1947 576 2014 sabulis
603 1968 681 2033 quae
705 1950 981 2016 commemorant
1004 1968 1072 2039 res¹
1086 1949 1200 2018 medio
1223 1968 1295 2017 aevo

68 2052 282 2118 excellenter
301 2055 417 2139 gestas
437 2054 479 2119 ab
498 2053 683 2138 Equitibus
704 2053 927 2142 (Chevaliers)
945 2056 1010 2120 ete
1030 2055 1156 2139 quibus
1176 2056 1295 2122 multae

70 2157 203 2225 fabulae
217 2158 254 2223 in
268 2176 406 2225 scenam
421 2162 506 2225 actae
526 2164 693 2244 excerptae
714 2163 807 2238 sunt,
836 2163 1060 2244 sumpserunt
1081 2166 1114 2226 et
1138 2161 1294 2227 insolitos

69 2263 310 2348 mirificosque
343 2266 540 2352 argumenti
565 2285 683 2347 casuS,
711 2269 745 2333 et
770 2268 944 2339 excelsum
969 2267 1125 2333 animum
1149 2286 1292 2353 genero-

71 2385 182 2452 saque
197 2369 369 2452 proposita
386 2389 403 2435 a
419 2370 577 2454 personis
592 2373 774 2449 ostentata,
796 2374 829 2437 et
849 2373 943 2437 tanto
962 2371 998 2437 in
1018 2372 1131 2458 majus
1152 2374 1240 2440 elata
1255 2377 1293 2440 ut

70 2474 279 2558 plerumque
294 2475 331 2540 in
342 2475 503 2542 inflatum
516 2479 549 2542 et
559 2476 746 2544 ridiculum
758 2477 895 2544 dicendi
906 2495 1029 2565 genus,
1042 2482 1075 2546 et
1085 2479 1122 2546 in
1132 2479 1292 2546 insanam

69 2580 261 2646 verborum
273 2580 477 2666 jactantiam
493 2583 664 2649 desinant.

118 2686 284 2766 Quamvis
312 2688 408 2754 omni
441 2707 483 2754 ex
510 2692 607 2777 parte
635 2690 755 2756 drama
790 2708 917 2757 novum
944 2709 964 2756 a
990 2690 1156 2778 tragoedia
1183 2693 1292 2760 multo

71 2792 188 2878 magis
216 2811 321 2876 quam
345 2813 363 2860 a
388 2795 520 2861 caeteris
549 2795 744 2862 tabularum
774 2797 960 2883 generibus
987 2797 1092 2874 absit,
1123 2798 1291 2881 quasdam

69 2899 189 2963 tamen
216 2916 272 2963 res
296 2918 337 2964 ex
359 2899 418 2966 illa
446 2901 627 2985 excerpsit.
653 2903 768 2968 AEtate
794 2902 849 2968 cui
875 2903 1082 2969 Litterarum
1105 2904 1292 2971 Renovatio

72 3001 347 3093 (Renatssattce)
364 3024 503 3085 nomen,
526 3008 679 3091 artisque
698 3008 955 3094 typographicae
974 3009 1114 3087 auxilio,
1135 3010 1291 3077 studium

72 3110 268 3180 litterarum
293 3133 486 3201 graecarum
513 3133 804 3200 romanarumque
833 3115 986 3182 maximo
1012 3115 1048 3180 in
1077 3116 1291 3184 incremento

70 3218 150 3296 fuit,
173 3238 190 3284 e
229 3220 414 3305 scriptores
437 3223 496 3307 qui
522 3223 643 3289 drama
665 3240 794 3289 novum
815 3224 1021 3307 pepererunt
1045 3222 1171 3288 eruditi
1193 3225 1291 3289 erant

68 3324 131 3410 qui
147 3324 278 3391 litteras
294 3326 371 3391 illas
384 3331 619 3414 cognoverunt
634 3332 667 3394 et
682 3332 855 3395 amarunt.
869 3330 948 3394 Haec
959 3327 1076 3410 itaque
1091 3347 1109 3393 e
1123 3327 1290 3414 tragoedia

69 3435 230 3516 excerpta
260 3433 464 3516 plerumque
491 3434 620 3520 optime
650 3437 684 3501 et
710 3436 748 3501 ut
782 3453 837 3501 res
867 3433 1079 3519 postulabat,
1107 3433 1144 3498 in
1169 3433 1290 3501 drama

68 3554 199 3604 novum
219 3539 482 3630 transtulerunt.
506 3543 736 3626 Perceperunt
756 3540 897 3626 quidem
917 3540 1008 3624 quod
1028 3540 1071 3605 ad
1093 3557 1166 3605 rem
1190 3541 1223 3604 et
1245 3540 1289 3606 ad

68 3645 209 3728 tempus
226 3647 346 3729 aptum
360 3649 433 3711 erat
444 3647 554 3712 multo
565 3647 725 3734 sagacius
735 3665 839 3731 quam
851 3647 875 3712 ii
886 3645 945 3731 qui
958 3646 1143 3730 scriptores
1157 3644 1289 3730 priscos

69 3749 259 3830 imitantes,
278 3768 397 3817 curam
421 3755 647 3837 susceperunt
667 3755 705 3819 ut
729 3753 909 3836 antiquam
931 3751 1137 3839 tragoediam
1158 3751 1195 3817 in
1212 3751 1287 3817 Bri-

68 3854 227 3920 tanniam
251 3856 480 3937 traducerent,
508 3859 599 3943 quod
624 3857 701 3925 fieri
724 3875 793 3923 non
811 3860 956 3942 poterat.
974 3857 1096 3924 Omnia
1122 3857 1157 3923 in
1185 3874 1288 3923 suum

69 3965 315 4029 converterunt
330 3983 407 4048 quae
422 3964 679 4031 arbitrabantur
694 3963 810 4031 lutura
824 3982 900 4030 esse
923 3965 1021 4052 grata
1040 3964 1175 4031 civibus
1200 3965 1285 4043 suis,

68 4085 161 4151 saepe
180 4067 462 4137 translationibus
477 4071 548 4137 illis
570 4071 751 4138 adversis:
774 4071 881 4137 animi
902 4075 937 4138 et
956 4069 1126 4136 sermonis
1146 4070 1287 4136 excelsi·

67 4175 189 4252 tatem,
207 4193 391 4260 generosas
407 4178 606 4258 sententias,
624 4177 795 4256 notitiam,
812 4177 880 4243 nisi
897 4177 1125 4243 servationem
1141 4194 1288 4261 praecep

67 4279 95 4343 ti
112 4298 181 4364 quo
196 4298 378 4348 monemur
398 4286 447 4364 ut,
469 4283 657 4367 expectatio
677 4283 840 4372 erigenda
858 4283 903 4349 sit
915 4285 1120 4369 argumento
1136 4281 1286 4365 simplici

67 4387 103 4451 et
121 4403 202 4463 uno,
219 4405 296 4470 quae
311 4388 426 4454 unitas
442 4390 484 4455 ad
499 4407 639 4455 scenam
654 4390 725 4456 sola
741 4389 933 4456 necessaria
944 4390 1007 4467 est,
1020 4386 1286 4473 intelligentiam

67 4491 310 4578 perfectiorem
331 4495 480 4561 modiin
501 4495 604 4562 rebus
624 4499 657 4562 et
676 4495 924 4562 convenientias
945 4493 1115 4578 partium,
1136 4492 1286 4576 denique

67 4617 218 4680 morem,
235 4617 343 4682 quum
359 4600 519 4687 cogitata,
541 4605 615 4667 tum
638 4601 780 4668 affectus
797 4600 990 4687 generatim
1009 4597 1237 4682 amplectendi
1252 4599 1286 4663 et

66 4703 266 4789 explicandi
281 4704 396 4770 verbis
411 4705 539 4789 quibus
555 4707 646 4772 clara
661 4706 745 4772 fiant
759 4705 917 4772 omnium
926 4705 1068 4770 aetatum
1083 4706 1117 4772 et
1128 4703 1286 4770 omnium
