3120 5474
707 384 865 449 ..48-

180 556 331 625 secundo
345 560 379 625 et
393 557 505 637 tertio,
518 558 696 643 quoniam,
712 558 825 645 inquit
840 558 1018 637 Bullenus,
1034 558 1072 625 in
1086 576 1260 626 annorum
1273 558 1370 627 ordine

179 664 335 731 conlusio
349 665 506 751 quaedam
531 671 682 754 apparet,
706 666 770 735 hoc
792 666 920 735 tabulis
945 666 1019 735 suis
1042 666 1274 735 Henslovius¹
1293 682 1371 732 man·

179 770 274 839 davit
290 792 298 837 :

221 957 233 986 ι
247 932 292 996 R‘¹
303 940 334 996 at
344 933 396 996 the
406 931 536 1015 tragedy
547 932 747 1015 oltheguyes
757 931 796 995 30
806 933 987 1015 (Jcnewary
998 931 1089 1013 1593)
1103 933 1194 1016 ...iiis
1207 932 1287 1012 ...iiij
1298 952 1321 994 s.
1332 928 1371 990 ².»

222 1104 366 1190 Insuper
390 1106 425 1172 in
450 1106 648 1174 tabularum
667 1107 843 1195 margine,
869 1110 986 1174 contra
1011 1108 1110 1173 notas
1134 1104 1231 1184 illas,
1255 1103 1376 1188 scripsit

177 1210 378 1279 litterasue
407 1213 454 1298 (id
480 1218 531 1280 est
555 1233 651 1293 new,
677 1214 795 1300 nova),
822 1217 855 1281 et
878 1232 935 1280 eas
959 1213 1045 1280 solet
1069 1212 1259 1280 inscribere
1283 1228 1376 1297 quum

177 1315 924 1404 sabulaprimumactafuerit.Sivocabulum
935 1319 1376 1407 Guyesscriptum,Guisius

177 1425 361 1512 legendum
381 1433 433 1494 est
455 1429 769 1515 llarlovianamque
790 1427 941 1495 fabulam
966 1426 1146 1514 designat,
1177 1429 1212 1493 et
1234 1445 1253 1493 a
1279 1428 1376 1510 Payno

176 1533 320 1601 (lolliero
335 1553 372 1601 ea
388 1541 439 1601 est
455 1536 623 1603 sententia
643 1536 799 1603 omnium
816 1536 1046 1602 litteratorum
1061 1534 1120 1619 qui
1137 1551 1212 1601 rem
1228 1532 1377 1618 dijudica-

177 1645 311 1720 verunt,
337 1642 453 1708 Gaedes
473 1643 678 1710 Parisiensis
697 1661 766 1710 non
789 1645 841 1709 est
864 1641 976 1722 tertia,
1001 1641 1073 1719 sed,
1091 1643 1128 1707 ut
1153 1639 1305 1706 similius
1316 1636 1376 1704 veri

176 1751 239 1825 est,
256 1748 446 1816 novissima
460 1751 614 1817 llarlovii
630 1749 826 1817 fabularum
841 1768 934 1834 quae,
957 1766 996 1814 eo
1015 1748 1112 1826 vivo,
1135 1749 1221 1813 actae
1238 1744 1375 1821 fuerunt,

175 1872 257 1920 nam
277 1856 429 1940 primum
453 1857 531 1925 data
557 1857 681 1925 fuisset
704 1861 851 1945 quatuor
871 1855 1051 1922 mensibus
1074 1857 1155 1921 ante
1177 1870 1297 1919 necem
1315 1849 1378 1934 ejus

175 1979 252 2045 quae
275 1979 365 2028 anno
387 1962 573 2029 millesimo
598 1964 877 2051 quingentesimo
901 1961 1126 2048 nonagesimo
1151 1960 1252 2027 tertio
1278 1954 1377 2044 (1593)

175 2068 334 2135 Calendis
357 2070 472 2136 Juniis
496 2071 633 2138 accidit.
659 2072 731 2153 Quo
750 2072 876 2157 posito,
898 2069 1040 2156 propius
1058 2072 1110 2134 est
1128 2067 1235 2134 fidem
1258 2083 1332 2132 eam
1349 2064 1378 2128 in

174 2191 312 2240 scenam
333 2175 510 2242 inductam
525 2174 632 2242 luisse
648 2177 808 2243 Eduardo
832 2175 1000 2253 Secunda,
1018 2173 1269 2260 perfectissimo
1284 2174 1379 2258 poeta

175 2300 287 2365 opere,
310 2281 384 2368 jam
404 2287 492 2361 acto,
518 2287 551 2349 et
566 2283 596 2349 si
611 2284 842 2351 controversia
866 2283 1085 2369 componitur
1109 2281 1174 2348 bac
1188 2280 1380 2347 enodatione

174 2407 303 2468 rerum,
325 2409 402 2476 quae
416 2390 567 2475 primam
596 2390 777 2458 labefactat
804 2391 1022 2475 opinionem,
1048 2388 1245 2455 necessario
1269 2403 1379 2453 conce·

174 2496 327 2563 dendnm
355 2500 408 2562 est
434 2502 472 2564 ut
495 2497 696 2577 lilarloviuS,
718 2517 826 2584 quum
845 2497 955 2564 Guisii
979 2497 1079 2564 ducis
1101 2495 1179 2562 neci
1204 2494 1378 2570 alluderet,

174 2619 242 2668 non
263 2602 306 2669 ad
330 2601 481 2670 fabulam
502 2605 636 2671 Caedem
651 2605 882 2671 Parisiensem
897 2604 1114 2688 inscriptam,
1131 2603 1192 2670 sed
1207 2601 1380 2669 adducam

174 2708 289 2794 ipsum
305 2712 484 2794 spectaret.

217 2818 263 2883 Ea
283 2820 398 2884 autem
417 2818 549 2904 opinio,
570 2818 730 2905 quamvis
755 2819 856 2886 hodie
878 2819 1007 2898 valeat,
1032 2817 1068 2885 in
1092 2819 1209 2904 plures
1237 2817 1382 2886 salebras

204 3066 369 3134 ¹Philippus
390 3067 550 3119 Henslovius
567 3069 676 3120 videtur
693 3069 813 3135 primum
835 3068 920 3120 luisse
941 3068 1085 3120 faenerator
1106 3068 1254 3133 pecuniam
1276 3069 1384 3122 credens

172 3148 205 3200 iis
219 3149 266 3213 qui
281 3148 388 3215 pignori
403 3148 506 3200 dabant
517 3162 561 3200 res
573 3149 705 3212 diversas,
719 3149 871 3214 praesertim
884 3153 985 3201 vestes.
1003 3147 1109 3199 Scenici
1124 3162 1196 3213 saepe
1207 3149 1257 3199 tali
1271 3150 1352 3201 modo
1362 3148 1385 3201 ei

171 3229 285 3280 vestitus
297 3243 361 3280 suos
373 3229 540 3293 obligabant,
554 3233 582 3280 et
593 3230 692 3293 pignus
706 3228 860 3280 liberabant
874 3244 960 3293 quum
972 3229 1060 3280 acturi
1078 3232 1170 3280 essent
1184 3233 1278 3294 parles
1289 3231 1386 3294 quibus

170 3313 258 3361 vestes
280 3310 318 3360 illi
342 3310 553 3375 postularentur.
578 3309 694 3371 Quidam
715 3309 826 3369 scenici,
847 3310 977 3361 societate
999 3308 1150 3374 conjuncti,
1170 3322 1235 3360 mox
1259 3324 1385 3376 magnam

171 3390 314 3454 pecuniam
329 3394 454 3440 mutuam
467 3390 502 3440 ab
511 3403 543 3440 eo
552 3393 743 3454 sumpserunt,
756 3394 783 3439 et
794 3391 943 3440 maximam
958 3394 1064 3455 partem
1075 3402 1108 3439 ex
1121 3389 1247 3454 ipsorum
1259 3390 1386 3455 supellec·

171 3470 217 3519 tile
227 3470 385 3535 pigneratus
402 3473 450 3521 est.
465 3471 542 3520 Anno
557 3470 585 3520 P.
606 3468 633 3520 C.
648 3469 679 3521 N.
698 3469 843 3520 millesimo
862 3469 1080 3534 quingentesimo
1097 3468 1278 3532 nonagesimo
1300 3469 1387 3534 primo

171 3549 251 3613 [1591)
265 3549 359 3601 reiecit
373 3554 400 3600 et
414 3549 558 3602 adornavit
575 3550 713 3600 theatrum
727 3551 771 3600 cui
783 3551 852 3600 Rosa
866 3562 966 3600 nomen
982 3553 1009 3600 et
1022 3554 1086 3599 ante
1104 3548 1177 3604 diem
1193 3552 1303 3599 sextum
1316 3548 1387 3599 deci·

170 3643 247 3679 mum
270 3629 400 3680 Calendas
420 3629 532 3680 blartias
545 3628 585 3691 (19
606 3630 737 3693 Fevrier)‚
760 3630 854 3680 eodem
876 3642 963 3689 anno,
988 3629 1109 3693 primum
1132 3628 1161 3678 in
1182 3631 1291 3693 partem
1313 3628 1387 3680 venit

170 3709 293 3775 pecunia
305 3723 321 3759 a
335 3711 450 3761 scenicis
465 3714 599 3774 acceptae,
614 3724 700 3772 quum
719 3710 825 3760 tabulas
842 3711 948 3770 darent,
965 3713 992 3759 et
1008 3712 1113 3774 partem
1135 3708 1212 3759 illam
1226 3708 1257 3758 in
1280 3709 1387 3760 tabulas

170 3803 234 3840 suas
254 3790 355 3839 retulit.
374 3790 441 3842 Cum
454 3790 515 3861 aliis
532 3790 648 3841 scenicis
665 3790 794 3841 societate
813 3789 969 3855 conjunclis
989 3789 1093 3839 similes
1113 3788 1255 3853 pactiones
1272 3788 1346 3851 lecit,
1361 3791 1387 3838 et

170 3869 290 3919 rationes
302 3883 396 3920 earum
411 3869 569 3935 perscripsit
588 3869 616 3920 in
640 3870 736 3921 iisdem
752 3870 861 3921 tabulis.
883 3869 928 3919 His
951 3869 1066 3928 tabulis,
1082 3868 1163 3919 hodie
1183 3869 1302 3920 servatis
1316 3868 1387 3919 inter

169 3950 370 4014 manuscriptos
381 3950 561 4001 Dulviciensis
575 3949 683 4013 Collegii
696 3951 789 4010 libros,
810 3954 837 4000 et
850 3963 865 4000 e
878 3963 970 4000 mense
986 3949 1134 3999 Februario
1148 3948 1214 3998 anni
1235 3949 1387 4014 supradicti

170 4029 248 4095 (1591)
265 4044 351 4093 usque
372 4031 401 4079 in
422 4043 526 4080 annum
549 4031 726 4081 millesimum
740 4031 968 4081 sexcentesimum
982 4042 1085 4079 nonum
1097 4028 1178 4094 (1609)
1191 4029 1313 4080 rationes
1327 4029 1387 4080 illas

168 4110 359 4173 referentibus,
370 4110 459 4161 solum
478 4110 626 4161 mandabat
648 4109 746 4161 labulae
763 4110 874 4160 titulum
892 4113 919 4160 et
940 4109 1085 4174 pecuniam
1107 4111 1259 4173 acceptam.
1282 4109 1386 4159 Idcirco

169 4203 269 4241 nornen
281 4191 341 4256 ejus
355 4191 402 4255 qui
416 4189 537 4240 fabulam
552 4190 705 4256 composuit
717 4190 790 4248 latet,
807 4190 860 4240 nisi
877 4190 936 4240 haec
953 4189 1024 4254 typis
1036 4189 1167 4241 mandata
1187 4189 1230 4239 vel
1249 4189 1317 4239 illud
1332 4188 1385 4239 alio

168 4270 249 4320 modo
261 4271 402 4334 vulgatum
416 4270 507 4320 luerit.
521 4270 706 4321 Henslovianae
725 4271 834 4325 tabulae,
850 4270 922 4332 quod
940 4282 1006 4320 sane
1026 4268 1172 4319 dolendum
1187 4271 1238 4331 est,
1259 4268 1384 4319 laceratae

168 4352 233 4426 sunt
253 4354 280 4399 et
296 4351 402 4415 paginae
419 4349 512 4400 multae
531 4349 632 4400 avulsae
651 4351 694 4400 vel
715 4351 816 4416 partim
835 4353 916 4400 sectae
937 4348 1049 4399 fuerunt
1066 4361 1083 4398 a
1102 4359 1195 4398 rernm
1210 4347 1383 4399 scenicarum

167 4429 298 4481 studiosis
310 4431 356 4494 qni
371 4430 464 4496 cupidi
478 4432 556 4480 erant
570 4443 620 4480 sua
639 4429 757 4482 faciendi
771 4428 902 4481 nonnulla
921 4442 953 4481 ex
973 4428 1139 4493 scriptorum
1160 4430 1188 4478 et
1210 4427 1382 4478 scenicorum

169 4506 358 4575 chirographis
370 4512 470 4574 quibus
483 4509 676 4561 referciuntur.

199 4590 211 4625 ²
224 4590 280 4642 The
292 4592 374 4656 Diary
388 4592 417 4643 ol
427 4591 515 4656 Philip
530 4590 679 4655 Henslowe,
693 4590 763 4642 from
776 4590 833 4642 1591
853 4593 881 4641 to
897 4589 967 4642 1609.
982 4589 1093 4640 Printed
1107 4588 1178 4639 from
1199 4589 1247 4640 the
1266 4585 1380 4653 original

168 4671 335 4736 Manuscript
347 4672 492 4736 preserved
502 4674 531 4721 at
539 4670 662 4721 Dnlwicb
673 4670 886 4734 Collegedldited
898 4672 936 4735 by
944 4671 968 4722 J.
976 4670 1066 4734 Payne
1077 4669 1183 4732 Collier,
1194 4683 1251 4734 esq.
1262 4669 1379 4732 London,

168 4753 280 4810 Printed
292 4751 334 4804 lor
345 4751 392 4822 the
404 4751 589 4818 shakespeare
601 4750 717 4815 Society,
732 4750 803 4814 1845,
819 4751 830 4801 1
843 4751 896 4803 vol.
911 4750 986 4814 ind,
997 4763 1025 4816 p.
1037 4749 1076 4802 30.
