3120 5474
692 382 848 448 ,Ῐο-

166 559 302 627 virletur
324 560 437 626 ‹rrlisse
462 579 524 626 suo
549 558 687 625 nomine
710 558 895 624 Greenum.
922 556 1061 624 Crimen
1085 556 1249 622 atrociter
1272 553 1357 621 defert

168 674 205 734 ut
216 669 430 753 peccantium
441 669 576 733 ardalus
587 666 692 731 altius
703 669 927 742 commoveat,
941 682 1009 730 non
1025 667 1063 730 ut
1078 664 1240 749 inquinet
1254 662 1358 728 famam

167 774 252 860 eJus.
290 776 419 841 Idcirco
445 792 518 840 rem
543 773 734 860 generatim
760 772 991 857 amplectitur,
1013 790 1077 837 nec
1105 772 1136 838 ei
1162 771 1251 838 ultra
1277 784 1359 855 quan

168 881 252 948 satis
267 887 318 949 est
332 883 578 948 commoratur.
597 879 781 946 Existimat
797 879 939 964 insuper
958 882 1181 963 peccatorum
1206 876 1360 944 infamiam

168 986 368 1075 paenitentia
383 987 503 1066 deleri,
520 990 553 1054 et
566 1005 673 1072 quum
690 985 811 1063 animi,
829 990 904 1052 tum
920 985 1020 1052 lanae
1035 985 1150 1052 labem
1169 984 1303 1051 aboleri.

213 1094 328 1183 Longe
348 1095 586 1163 venenatiores
606 1097 639 1159 et
666 1089 889 1159 immaniores
917 1092 1057 1159 fuerunt
1079 1092 1191 1158 aculei
1213 1093 1363 1158 cantune

169 1201 295 1269 liuram
325 1202 361 1269 in
389 1203 561 1270 Greenum
596 1200 834 1266 immissarum
860 1219 877 1265 a
902 1196 1061 1265 Gabriele
1085 1196 1246 1279 nervae,
1270 1197 1321 1283 qui
1340 1194 1363 1262 ei

169 1308 398 1377 aemulabatur
418 1312 451 1375 et
466 1327 547 1376 curn
562 1312 677 1393 aperte
697 1307 826 1374 oderat.
845 1304 1009 1388 Quamvis
1025 1305 1167 1392 ingenio
1182 1308 1216 1372 et
1230 1310 1299 1371 arte
1311 1320 1363 1370 noa

168 1421 302 1485 tantum
319 1420 497 1502 praestaret
521 1419 691 1500 quantum
715 1417 880 1491 dracoue,
909 1412 1045 1480 Gabriel
1072 1410 1242 1480 llarveius
1256 1412 1363 1478 famam

168 1525 370 1610 praeclaram
386 1526 591 1589 consecutas
607 1526 691 1587 crat.
703 1523 721 1588 J
726 1521 799 1587 uris
810 1520 1045 1607 peritissimus
1057 1519 1206 1605 (Doctor
1216 1520 1255 1586 in
1265 1518 1363 1604 Laws)

169 1631 323 1700 carmina
339 1631 482 1697 solerter
496 1629 644 1715 fingens,
663 1628 842 1712 Spensoris
861 1627 1007 1705 amicus,
1034 1626 1250 1711 superiorem
1271 1627 1364 1692 locum

168 1737 305 1806 tenebat
320 1737 410 1803 inter
425 1735 530 1820 hujus
545 1736 657 1802 atatis
673 1736 869 1820 scriptores,
888 1736 929 1800 Se
944 1734 1138 1819 praesertim
1150 1735 1366 1803 immiscuerat

169 1862 289 1911 eorum
304 1842 565 1911 certaminibus.
585 1843 646 1908 His
662 1843 791 1927 pariter
805 1841 1075 1926 implicabantur
1084 1842 1154 1908 duo
1165 1840 1240 1928 ejus
1250 1841 1365 1916 fraires,

169 1970 317 2037 quorum
335 1968 426 2016 unus
442 1950 613 2027 sacerdos,
632 1949 717 2014 alter
731 1949 888 2015 medicus
904 1947 979 2014 luit.
998 1949 1088 2014 Dum
1105 1947 1225 2036 jurgio
1243 1951 1366 2015 lacesse-

170 2059 253 2125 bant
267 2056 435 2124 litteratos
451 2057 523 2141 qui,
545 2060 628 2122 tunc
643 2056 744 2122 annis
762 2056 924 2141 aequales,
945 2056 1079 2122 alumni
1095 2054 1232 2123 fuerant
1246 2073 1367 2144 gymna-

172 2167 303 2232 siorum
318 2165 446 2250 quibus
470 2162 692 2232 Universttes
715 2182 853 2242 nomen,
879 2168 913 2230 et
932 2181 1080 2249 quorum
1102 2163 1268 2250 praecipui
1290 2162 1370 2228 erant

172 2272 374 2352 llarloviuS,
400 2273 569 2350 GreenuS,
595 2271 700 2348 Nasb,
731 2271 853 2337 Peelus
878 2274 911 2337 et
936 2269 1101 2357 LodgiuS,
1119 2288 1212 2338 unus
1234 2288 1252 2337 e
1278 2269 1371 2336 tribus

172 2379 354 2457 iratribus,
372 2379 558 2455 Ricardum
584 2378 643 2462 qui
670 2379 829 2445 sacerdos
852 2377 1033 2444 ordinatus
1059 2372 1189 2456 suerat,
1216 2381 1372 2445 certamen

172 2484 387 2550 exacerbavit
404 2485 640 2551 maledicendo
657 2485 802 2570 superbe
827 2488 859 2551 et
879 2482 1127 2552 contumeliose
1151 2482 1208 2551 his
1232 2483 1373 2551 litteratis

172 2592 232 2678 qui
253 2596 415 2658 mutuum
440 2592 636 2659 subsidium
661 2593 720 2658 alii
744 2593 822 2659 aliis
842 2592 996 2659 serebant
1018 2592 1187 2660 adversus
1207 2592 1374 2678 scriptores

173 2699 381 2785 quibuscum
411 2700 614 2767 inimicitias
638 2700 674 2765 in
697 2718 882 2766 commune
904 2699 1089 2786 gerebant,
1116 2700 1278 2786 quamvis
1301 2700 1376 2767 inter

175 2825 211 2871 se
226 2804 397 2871 infensam
411 2807 667 2873 aemalationem
684 2811 893 2874 exercerent.
910 2808 1064 2874 Greenus
1088 2806 1158 2884 oui,
1180 2811 1220 2877 ut
1242 2807 1377 2882 videtur,

174 2928 256 2980 cura
285 2914 515 2999 respondendi
539 2915 745 2980 demandata
770 2914 903 2992 fuerat,
924 2930 1064 2980 causam
1084 2931 1207 2981 eorum
1229 2913 1379 2998 suscepit.

175 3019 276 3104 Apud
291 3019 449 3085 libellum
464 3020 670 3105 inscriptum
689 3041 696 3086 :
716 3021 810 3106 Qeip
825 3021 886 3106 for
905 3041 954 3087 en
973 3023 1123 3106 Upatert
1143 3020 1328 3100 Calantica,
1348 3038 1392 3115 or·

96 3152 99 3159 ·
176 3145 199 3192 a
218 3127 363 3213 disputa
382 3127 540 3194 between
563 3127 669 3195 elota
691 3129 869 3195 Breeeltes
892 3128 970 3195 aad
999 3129 1122 3196 Valeat
1145 3128 1336 3208 Breacbee,
1358 3132 1386 3194 ot

176 3232 307 3317 allquot
322 3234 596 3300 hebdomadibus
610 3239 793 3320 antequam
810 3236 988 3302 excederet
1002 3235 1070 3301 vita
1083 3234 1232 3314 editum,
1245 3231 1387 3302 breviter

176 3343 210 3406 et
223 3338 360 3426 oblique
377 3340 566 3427 respondit,
588 3342 807 3427 paratissime
822 3346 950 3421 autem,
972 3346 1005 3409 et
1026 3341 1142 3408 verbis
1169 3360 1249 3427 quae
1273 3345 1374 3430 tetigt

177 3452 259 3521 runt
297 3448 396 3515 ulcus
433 3447 601 3515 Gabriells
635 3448 781 3536 Harveii,
803 3448 861 3533 qui
895 3448 1100 3514 credebatur
1130 3448 1388 3518 insectationem

177 3553 416 3622 concitavisse.
435 3550 621 3641 Detegebat
637 3574 710 3620 rem
734 3575 753 3621 a
775 3552 932 3621 Gabriele
955 3555 1140 3642 vigilanter
1160 3552 1389 3634 obscuratam,

177 3664 248 3726 tres
262 3660 398 3738 fratrea,
416 3661 539 3727 humili
552 3661 625 3729 loco
636 3665 746 3743 natos,
760 3662 922 3728 restionis
933 3661 1022 3728 filios
1032 3681 1118 3728 esse.
1137 3663 1326 3731 Deridebat
1339 3683 1391 3730 eos

177 3767 269 3852 quod
301 3768 538 3836 Chaldaeorum
567 3770 632 3836 arti
662 3771 862 3850 credebant,
894 3790 934 3836 ex
965 3788 1032 3855 quo
1061 3769 1256 3838 confecerat
1292 3772 1392 3838 etiam

177 3887 317 3940 causam
333 3886 396 3940 cur
414 3876 634 3942 contenderet
652 3881 799 3943 matrem
823 3895 942 3943 eorum
961 3877 1117 3943 divinam
1140 3876 1263 3944 fuisse.
1290 3881 1392 3946 Ante-

177 3996 281 4065 quam
304 3982 440 4064 tempus
460 3982 503 4047 ad
523 3984 801 4067 respondendum
827 3984 871 4049 iis
897 3985 1018 4050 datum
1043 3982 1179 4061 fuisset,
1201 3984 1395 4052 Greaause

178 4087 247 4153 rita
263 4091 466 4153 excesserat.
485 4091 556 4155 Hac
575 4093 692 4157 autem
715 4092 903 4157 immatura
928 4096 1038 4157 morte
1061 4090 1233 4157 Gabrielis
1257 4091 1395 4158 Harveii

179 4192 273 4259 furor
296 4213 365 4261 aon
389 4195 590 4273 exstinctus,
619 4198 689 4264 imo
709 4196 872 4264 incensus
889 4198 965 4276 luit,
984 4203 1017 4263 et
1031 4198 1205 4264 narrando
1224 4199 1395 4295 quomodo

179 4301 331 4368 Graecus
343 4303 423 4369 vitae
434 4303 565 4369 exitum
577 4303 779 4383 invenisset,
792 4307 960 4390 quasdam
972 4325 1040 4383 res,
1053 4305 1262 4385 forteveras,
1274 4308 1397 4391 praeter

180 4406 322 4473 modum
337 4397 572 4493 amplificavit,
594 4416 627 4477 et
646 4413 850 4479 fabellarum
870 4413 1098 4497 asperrimam
1123 4400 1157 4477 e‘t
1180 4413 1396 4498 turpitudine

179 4513 419 4598 plenissimam
443 4516 553 4583 linxit.
576 4519 689 4599 Quam
709 4520 881 4587 Greenum
901 4518 1103 4595 incursavit‚
1125 4537 1195 4585 non
1219 4520 1332 4586 solum
1351 4519 1394 4584 ad

179 4620 393 4705 scriptorem,
411 4625 589 4691 sedetiam
605 4626 647 4691 ad
664 4626 840 4691 hominem
856 4626 1032 4710 spectavit.
1051 4625 1143 4691 Nihil
1159 4626 1197 4691 in
1210 4626 1395 4711 praeteritis

180 4727 319 4813 reliquit
341 4746 458 4796 rerum
483 4750 560 4815 quaa
579 4732 721 4798 inimico
741 4752 802 4798 suo
822 4733 978 4800 dedecori
999 4736 1098 4798 erant
1117 4736 1151 4798 et
1169 4731 1299 4799 famam
1319 4732 1394 4818 ejus
