3120 5474
174 99 261 166 actae
292 100 432 170 fuerunt
460 103 496 171 in
532 103 686 190 profanis
719 105 863 174 theatris
905 102 1084 191 splendido
1112 118 1193 168 cum
1224 101 1389 186 apparatu

175 208 353 290 quondam
386 211 516 295 prolato
539 231 648 297 quum
673 214 915 298 Mysteriorum
939 214 972 278 et
993 213 1179 295 Popeonts
1208 207 1282 273 ludi
1313 206 1390 273 ede·

174 314 310 379 rentur.
337 316 405 381 Nec
428 319 592 402 vagantes
612 318 752 392 scenici,
783 337 846 385 nec
868 317 973 384 etiam
1001 315 1187 398 locupletes
1214 311 1391 396 mancipes

174 416 235 500 qui
250 418 383 486 theatra
400 421 564 508 regebant
582 440 707 488 aurum
723 426 792 488 tam
811 423 946 507 copiose
960 420 1080 507 largiri
1090 422 1276 503 potuerunt
1287 434 1391 501 quam

173 524 327 607 potentia
352 528 583 593 mercatorum
607 531 641 594 et
664 528 901 612 operariorum
916 526 1060 613 collegia
1080 543 1158 609 quae
1182 523 1296 590 medio
1320 540 1392 588 aevo

173 627 351 715 vigebant.
368 630 463 696 Nihil
477 633 600 716 primis
616 633 763 700 scenicis
778 634 930 719 proianae
946 632 1071 698 fabulae
1087 631 1177 697 ludis
1196 628 1392 712 simplicius

174 736 207 799 et
221 734 352 801 nudius
363 735 439 803 suit.
453 738 549 818 Quod
560 738 704 806 aedificia
714 740 757 805 ad
774 740 990 805 scenicorum
1006 755 1109 804 usum
1125 753 1188 801 nec
1203 737 1389 814 exstructa,

173 857 237 905 nec
259 843 372 924 aptata
392 841 541 922 fuerant,
565 863 622 910 res
645 845 682 910 in
705 844 955 911 diversissimis
981 842 1065 909 locis
1091 841 1293 928 agebantur,
1325 839 1392 905 fre-

173 947 339 1030 quentius
351 950 467 1014 tamen
483 968 718 1036 cauponarum
735 951 771 1016 in
787 951 887 1017 aulis.
904 950 1042 1015 Tabulae
1063 948 1192 1013 innixae
1212 945 1391 1012 fulmentis

173 1068 306 1119 mensae
324 1054 518 1139 parietique
532 1058 711 1141 applicatae
726 1076 787 1142 pro
802 1056 935 1141 pulpito
954 1057 1063 1122 erant.
1086 1054 1217 1136 Quibus
1238 1050 1390 1136 subjecta

174 1159 406 1242 spectantium
423 1161 522 1228 turba
539 1163 618 1247 plus
632 1163 750 1229 minus
764 1165 912 1249 anguste
927 1180 1030 1245 super
1049 1160 1137 1227 aulae
1152 1158 1390 1243 pavimentum

173 1265 298 1330 stabat.
330 1267 492 1333 Proceres
514 1270 631 1335 autem
655 1269 819 1335 sedebant
842 1269 878 1334 in
909 1266 1092 1333 moenianis
1112 1284 1190 1348 quae
1219 1264 1330 1348 primo
1357 1265 1391 1328 et

172 1386 424 1455 nonnunquam
441 1374 592 1448 secundo
606 1374 759 1439 tabulato
783 1373 1036 1457 prominebant,
1053 1375 1086 1436 et
1101 1371 1137 1436 in
1152 1370 1279 1454 quibus
1294 1368 1390 1434 locus

172 1477 376 1544 servabatur
399 1478 555 1546 musicis.
580 1481 619 1545 ln
646 1479 831 1546 coenaculis
856 1497 1004 1563 quorum
1036 1476 1126 1543 iores
1155 1475 1288 1542 aditum
1311 1492 1391 1558 ape·

171 1581 310 1648 riebant
331 1582 368 1649 in
392 1585 577 1665 maeniana,
601 1585 789 1651 manebant
818 1587 986 1650 matronae
1007 1602 1084 1667 quae
1110 1598 1293 1668 segregare
1312 1598 1349 1645 se
1370 1597 1390 1644 a

170 1687 306 1753 caeteris
330 1687 587 1768 desiderabant,
618 1691 671 1756 vel
698 1689 843 1776 juvenes
867 1690 985 1755 bibere
1008 1691 1042 1754 et
1070 1689 1160 1753 inter
1181 1706 1217 1752 se
1242 1685 1390 1769 colloqui

169 1792 350 1877 cupientes
378 1794 463 1861 dum
496 1814 550 1861 res
579 1797 752 1882 ageretur.
785 1795 938 1880 Denique
966 1799 1100 1879 partem
1134 1791 1390 1858 maenianorum

170 1916 284 1965 scenae
313 1901 564 1984 superpositam
589 1901 804 1986 usurpabant
818 1901 963 1978 scenici,
981 1917 1090 1985 quum
1105 1917 1161 1964 res
1180 1897 1387 1982 postularet,

169 2003 339 2089 illamque
367 2006 409 2073 ad
438 2008 611 2095 pergulae,
641 2007 783 2092 parietis
814 2007 869 2075 vel
892 2006 1101 2073 moeniorum
1121 2003 1388 2070 similitudinem

170 2109 448 2196 configurabant.

214 2216 288 2282 Tali
311 2216 413 2284 modo
429 2219 513 2285 actae
536 2220 619 2285 sunt
640 2237 659 2286 a
684 2218 831 2286 scenicis
854 2218 913 2303 qui
938 2222 1011 2284 arte
1036 2235 1126 2303 saepe
1149 2234 1218 2283 non
1237 2216 1389 2301 amplius

122 2308 132 2319 ’
170 2320 372 2389 eminebant
387 2341 493 2409 quam
507 2325 681 2409 pulpitum
702 2325 833 2391 nitebat
852 2327 1032 2411 apparatu,
1050 2325 1171 2409 primae
1185 2323 1389 2390 britannicae

169 2425 298 2494 fabulae
317 2445 336 2494 e
356 2429 483 2513 quibus
500 2430 618 2496 drama
635 2449 764 2497 novum
780 2436 894 2497 ortum
914 2434 977 2497 est.
995 2431 1140 2496 Theatra
1155 2434 1271 2496 autem
1291 2429 1387 2495 brevi

169 2534 344 2600 exstructa
355 2536 448 2613 sunt,
466 2535 695 2621 Londiniique
705 2536 869 2603 extremis
883 2536 985 2603 annis
1001 2536 1089 2602 sexti
1100 2535 1226 2602 decimi
1241 2536 1278 2600 P.
1295 2536 1331 2600 C.
1345 2536 1385 2600 N.

169 2638 290 2704 saeculi
319 2657 465 2705 numero
493 2640 644 2725 plurima
673 2641 746 2708 lieri
777 2644 964 2726 coeperunt.
996 2643 1064 2708 Nec
1093 2641 1294 2724 composita,
1325 2657 1389 2705 nec

169 2745 334 2811 exornata
358 2744 500 2812 fuerunt
523 2765 562 2813 ea
577 2765 657 2814 cum
676 2750 749 2813 arte
763 2767 841 2832 quae
855 2750 954 2814 aetate
970 2749 1087 2813 nostra
1107 2747 1306 2830 exprompta
1322 2747 1385 2810 est.
1427 2768 1429 2770 ’

168 2850 334 2917 Attamen
348 2868 460 2936 neque
474 2855 547 2918 tam
561 2853 721 2932 humilia,
738 2871 849 2938 neque
865 2856 937 2920 tam
952 2853 1051 2919 rudia
1066 2869 1172 2936 quam
1187 2851 1320 2917 dictum
1336 2854 1388 2916 est

168 2954 323 3023 fuerunt.
342 2957 563 3024 Scenicorum
578 2959 683 3026 etiam
707 2962 819 3027 vestes
842 2960 993 3044 quodam
1017 2958 1197 3043 splendore
1216 2956 1384 3036 nitebant,

168 3064 205 3128 et
224 3061 254 3127 si
269 3062 449 3146 pulpitum·
465 3081 535 3130 non
553 3064 705 3149 amplius
723 3069 886 3132 ornatum
910 3064 988 3142 fuit,
1013 3065 1042 3130 si
1067 3063 1211 3130 scenicae
1229 3061 1384 3146 picturae‚

168 3167 229 3234 vix
252 3167 477 3248 adumbratae,
503 3187 573 3236 non
595 3170 857 3238 verisimiliores
881 3171 1086 3256 plerumque
1108 3168 1260 3240 fuerunt,
1281 3167 1386 3252 hujus

168 3273 221 3339 rei
237 3273 339 3358 culpa
353 3291 422 3340 non
444 3275 650 3343 conserenda
675 3280 727 3343 est
749 3277 786 3342 in
810 3276 1040 3361 spectantium
1061 3274 1312 3362 negligentiam
1326 3275 1386 3339 aut

168 3379 208 3446 in
222 3381 411 3466 egestatem
425 3381 479 3447 vel
494 3380 530 3447 in
551 3381 800 3467 parsimoniam
825 3400 944 3448 eorum
968 3383 1028 3467 qui
1048 3382 1180 3447 theatra
1200 3379 1383 3457 ducebant,

168 3484 231 3552 sed
250 3485 286 3551 in
302 3485 395 3552 hunc
414 3503 548 3553 morem
563 3487 623 3572 qui
639 3490 721 3554 tunc
743 3488 834 3572 apud
854 3487 1036 3554 Britannos
1050 3487 1141 3553 sicut
1155 3487 1246 3570 apud
1271 3485 1386 3552 Gallos

165 3590 369 3669 incesserat,
386 3593 425 3657 ut
443 3592 578 3658 nobiles
594 3592 788 3678 divitesque
803 3592 949 3678 juvenes
964 3593 1000 3659 in
1015 3589 1154 3659 scenam
1178 3589 1386 3657 intromitte-

165 3698 302 3764 rentur.
319 3697 349 3763 A
363 3696 516 3781 profanis
532 3697 613 3777 illis,
632 3717 781 3782 quorum
796 3698 1008 3765 tumultuosa
1024 3697 1192 3782 colloquia
1217 3695 1386 3781 effusique

166 3801 331 3872 cachinni
362 3803 559 3870 molestiora
588 3805 702 3872 adhuc
734 3807 832 3872 erant
864 3823 970 3888 quam
1007 3822 1157 3890 magnus
1194 3819 1383 3881 numerus,

164 3908 296 3978 scenici
326 3908 488 3975 continuo
525 3910 758 3977 turbabantur·
795 3929 905 3995 quum
933 3913 966 3977 et
993 3908 1146 3976 tabulam
1178 3909 1321 3996 agerent
1351 3913 1386 3975 et

164 4016 337 4085 dicerent.
354 4011 418 4096 Qui
438 4014 563 4099 pulpiti
583 4018 786 4082 ornamenta
806 4016 1055 4099 machinasque
1069 4015 1253 4082 movebant
1266 4013 1384 4099 prohi-

163 4123 341 4194 bebantur
364 4137 407 4188 ne
429 4121 584 4208 picturas
612 4121 767 4190 scenicas
790 4121 904 4190 subito
929 4124 1115 4200 mutarent,
1146 4139 1209 4188 nec
1232 4120 1383 4206 amplius

1234 4432 1248 4463 ,ὸ
