3120 5474
636 391 793 455 ...97-

98 563 137 630 et
150 562 334 630 cerebrum
350 559 425 649 ejus
446 560 596 629 infixit¹.
622 564 654 630 ls
673 565 733 650 qui
757 565 891 650 primus
915 583 971 633 res
995 564 1033 633 in
1057 565 1149 632 hunc
1177 565 1320 632 modum

99 668 263 751 tradidit,
282 668 355 737 sive
369 669 458 737 bona
472 674 601 751 mente,
618 671 690 738 sive
704 671 814 738 nimia
830 689 967 739 morum
980 672 1173 754 severitate,
1193 670 1320 739 nubem

99 774 231 861 objecit
260 780 461 845 eventorum
481 766 654 864 adjunctis
678 798 756 864 quae
779 779 903 866 flagitii
928 780 1027 865 plena
1056 782 1137 846 suut
1161 782 1194 846 et
1217 778 1321 846 dede-

100 885 209 962 coris,
226 884 282 951 vel
299 883 378 950 illas
392 884 532 952 omniuo
552 885 712 952 mutavit.
738 887 854 971 Neque
876 888 1028 974 prolecto
1049 905 1170 955 verum
1196 903 1322 953 nomen

100 990 262 1078 ejusqui
281 1009 361 1058 cum
381 995 481 1078 poeta
498 993 649 1059 certabat
667 993 807 1078 scriptis
821 995 1010 1077 mandavit,
1032 1014 1155 1081 neque,
1174 996 1212 1060 ut
1232 991 1322 1058 veri-

100 1098 221 1166 simile
235 1101 300 1179 est,
318 1116 436 1167 veram
447 1097 556 1187 jurgii
571 1118 725 1166 causam.
741 1101 940 1183 llarlovius,
961 1102 1075 1189 iuquit
1089 1121 1179 1170 unus
1195 1120 1235 1167 ex
1251 1098 1322 1166 illis

99 1205 164 1290 qui
188 1205 233 1272 de
257 1223 297 1272 eo
321 1205 497 1271 memoriae
521 1205 763 1290 prodiderunt,
791 1208 995 1277 Franciscus
1019 1208 1319 1296 Cunninghamus,

100 1310 334 1398 Deptfordum
353 1313 493 1379 venerat
516 1330 595 1378 cum
619 1312 765 1379 muliere
789 1315 944 1382 moribus
969 1296 1241 1400 suspectissima.
1268 1313 1322 1379 Ira

100 1419 283 1498 incensus
295 1418 387 1504 quod
403 1437 463 1485 seu
474 1418 566 1503 J'ure,
579 1437 640 1485 seu
655 1418 753 1498 salso,
765 1422 925 1489 credebat
940 1423 1028 1490 hane
1038 1422 1232 1502 mulierem,
1246 1438 1323 1506 quae

101 1545 124 1592 a
140 1527 257 1612 Payno
271 1525 417 1592 Colliero
430 1544 454 1591 a
465 1526 554 1610 lady
567 1528 600 1592 et
610 1544 629 1591 a
641 1525 749 1593 Taino
760 1546 831 1594 arae
839 1532 961 1615 espace
973 1530 1019 1596 ale
1028 1530 1188 1597 sortitiae
1202 1525 1321 1614 (drab)

99 1636 260 1711 vocatur,
278 1631 407 1717 inJ'uria
426 1632 545 1699 laesam
566 1631 685 1712 fuisse,
703 1633 740 1700 in
759 1637 933 1701 certamen
952 1634 1048 1702 veuit
1062 1653 1143 1703 eum
1158 1651 1320 1721 agasone,

101 1758 210 1825 quem
226 1739 348 1807 dicunt
363 1738 507 1805 rivalem
526 1737 599 1825 ejus
622 1738 740 1806 fuisse.
767 1741 837 1808 Alii
858 1741 975 1809 serunt
993 1741 1153 1830 iurgium
1172 1740 1322 1808 concita-

101 1851 181 1927 tum
198 1845 307 1914 fuisse
323 1845 413 1912 inter
426 1846 557 1931 epulas
579 1846 615 1911 in
630 1864 792 1932 cauponae
806 1848 1007 1927 oaenatorio;
1023 1849 1081 1915 alii
1098 1849 1135 1914 in
1149 1846 1321 1926 cubiculo,

103 1972 217 2040 quum
241 1951 428 2035 blarlouius
451 1971 636 2040 agasonem
660 1972 740 2021 cum
765 1954 911 2021 muliere
935 1955 1001 2022 ista
1021 1956 1133 2041 stupri
1154 1973 1322 2023 commer-

103 2062 200 2129 cium
216 2060 401 2127 habentem
416 2059 700 2145 deprehendisset
713 2062 736 2126 2.
752 2063 820 2128 Nec
834 2065 906 2128 tam
921 2063 1051 2141 valens,
1069 2080 1132 2129 uec
1146 2065 1218 2169 tpm
1233 2062 1324 2128 celer

103 2187 212 2254 quam
229 2167 260 2233 is
274 2185 354 2234 cum
367 2184 437 2251 quo
451 2167 615 2249 certabat,
636 2166 723 2234 torte
742 2169 834 2253 quod
854 2169 977 2236 debilis
998 2169 1110 2238 factus
1127 2171 1202 2237 erat
1223 2187 1324 2237 crure

103 2277 199 2365 quod
216 2276 302 2343 olim
317 2274 479 2363 fregerat,
495 2277 594 2360 poeta
610 2274 707 2342 abeo
722 2279 912 2361 praereptus
926 2275 1004 2343 luit.

101 2448 106 2457 ·
149 2439 163 2468 ‹
180 2416 325 2477 Voulant
338 2412 531 2496 poignarder
545 2432 605 2476 son
619 2413 711 2489 rival,
722 2414 970 2495 inquitTainus,
981 2414 1034 2478 ila
1047 2414 1160 2478 tebras
1176 2419 1324 2478 retourne

106 2533 166 2597 par
180 2511 401 2588 l’adversaire,
416 2531 457 2573 en
472 2520 631 2592 sorteque
647 2531 684 2574 sa
698 2531 813 2594 propre
831 2513 913 2575 lame
932 2513 977 2575 lui
996 2516 1087 2575 entre
1105 2514 1186 2576 dans
1204 2513 1280 2576 l’oeil
1295 2521 1326 2576 et

107 2611 190 2675 dans
205 2612 237 2675 la
251 2612 386 2675 cervelle
401 2618 433 2673 et
442 2610 518 2691 qu’il
530 2619 642 2690 meurt,
655 2611 800 2691 toujours
812 2610 1011 2674 maudissant
1023 2619 1054 2674 et
1062 2610 1295 2693 blasphemant.
1309 2635 1322 2666 1

153 2761 362 2828 Franciscus
376 2759 663 2846 Gunninghamus
682 2758 759 2844 qui,
778 2778 912 2838 revera,
935 2759 999 2827 niti
1015 2759 1152 2828 videtur
1175 2763 1213 2828 ut
1236 2763 1324 2828 tem-

109 2871 205 2956 peret
220 2866 348 2934 animis
367 2867 496 2934 teneris
511 2885 630 2959 earum
645 2885 723 2952 quae
737 2867 941 2951 opusculum
957 2887 1060 2935 suum
1076 2869 1215 2935 lecturae
1230 2872 1323 2947 sunt,

110 2979 208 3063 putat
226 2975 297 3042 vita
321 2992 501 3041 excessum
522 2973 677 3040 llarlovii
697 2974 862 3040 leniorem
882 2973 1001 3053 fuisse,
1019 2977 1052 3041 et
1067 2973 1142 3061 ejus
1160 2975 1323 3053 amicam,

109 3103 188 3171 quae
202 3100 267 3150 nec
281 3100 343 3148 sua
354 3083 485 3167 sponte,
501 3098 563 3148 nec
575 3080 698 3147 delicto
706 3078 866 3168 jurgium
876 3080 1104 3162 excitavisset,
1117 3081 1325 3149 moribundo

142 3305 152 3340 ¹
169 3304 213 3356 Sir
227 3302 351 3357 William
366 3302 520 3368 Vanghan‘s
538 3302 594 3354 The
614 3301 815 3355 Golden-Grave
833 3301 980 3354 moralized
999 3301 1028 3354 in
1046 3302 1124 3353 three
1142 3301 1235 3365 books,
1254 3301 1326 3366 1⁶00,

109 3385 191 3436 in-ld.

141 3466 153 3501 ²
170 3465 198 3518 Si
212 3478 272 3517 rem
290 3463 422 3516 eomodo
440 3464 569 3516 traditam
592 3467 721 3530 putamus
741 3466 846 3516 certam
869 3467 896 3515 et
916 3464 1004 3530 stupri
1027 3463 1253 3516 consuetudinem
1267 3463 1326 3529 jam

111 3551 246 3607 veterem,
267 3545 357 3597 estin
380 3549 585 3596 natm-ererum
609 3548 639 3596 ut
663 3545 860 3596 commercium
885 3544 958 3596 istud
979 3545 1014 3596 ab
1038 3544 1175 3607 omnibus,
1197 3543 1328 3596 Marlovio

111 3632 240 3693 excepto,
264 3629 359 3678 uotum
380 3625 472 3676 tuerit.
497 3625 667 3691 Quapropter
692 3639 747 3676 non
773 3629 814 3676 est
838 3629 934 3676 contra
965 3626 1046 3677 fldem
1069 3625 1159 3677 locum
1180 3625 1327 3689 quemdam

110 3706 245 3761 orationis
258 3706 356 3759 Greeni
370 3707 405 3758 ad
419 3705 591 3767 Marlovium,
605 3706 679 3758 Nash
694 3709 721 3757 et
732 3706 857 3767 Peelum,
874 3706 903 3756 in
929 3706 1115 3758 Groatewortb
1139 3706 1171 3769 of
1194 3705 1256 3767 Wit,
1279 3703 1328 3768 qui

110 3788 141 3840 in
164 3787 233 3838 duas
254 3785 402 3837 sententias
425 3785 514 3851 accipi
535 3789 633 3852 potest,
656 3785 703 3837 illo
726 3786 905 3837 contubernio
931 3786 1065 3848 allusisse,
1089 3787 1204 3838 obscure
1224 3789 1328 3846 autem,

110 3867 205 3920 verbis
225 3867 314 3918 solum
336 3865 497 3917 cadentibus
518 3866 569 3917 sub
588 3865 797 3929 intelligentiam
817 3879 912 3917 eorum
930 3866 978 3930 qui
993 3867 1051 3931 jam
1066 3865 1105 3916 101
1119 3866 1249 3918 certiores
1263 3863 1328 3916 10011

109 3950 257 4000 fueraut«
274 3946 377 3998 lkuow
390 3945 437 3996 the
451 3946 511 3997 best
523 3946 649 3997 husband
661 3946 690 3997 01
705 3960 758 4010 you
770 3946 807 3998 011
822 3947 876 3997 will
892 3959 975 3998 never
985 3959 1068 4012 prore
1086 3960 1123 3997 an
1142 3946 1257 4004 Usurer,
1273 3944 1328 3996 and

109 4029 161 4080 the
175 4027 285 4078 kindest
298 4026 328 4077 01
343 4026 418 4077 them
431 4026 467 4077 011
482 4026 523 4076 wil
544 4039 628 4077 never
648 4039 731 4092 prove
749 4040 766 4076 0
784 4026 868 4077 kinde
889 4040 991 4089 nurse;
1012 4030 1058 4091 yet
1077 4026 1169 4077 whilst
1184 4038 1237 4090 you
1255 4037 1329 4089 may,

109 4107 193 4161 seeke
204 4121 258 4172 you
272 4107 360 4158 better
371 4105 504 4167 blaisters,
514 4105 557 4157 101
567 4106 589 4157 11
599 4105 623 4156 is
636 4105 713 4172 pittie
723 4119 786 4156 men
797 4106 827 4157 01
834 4106 976 4158 suebrare
986 4106 1056 4165 wits.
1070 4105 1167 4158 should
1180 4106 1213 4157 be
1223 4104 1330 4169 subJ'eet

108 4193 143 4240 to
158 4188 206 4239 the
225 4187 364 4253 pleasures
378 4185 408 4237 01
423 4185 492 4236 such
513 4185 581 4236 rude
599 4199 734 4250 groomes.
749 4205 765 4234 ι
782 4185 1024 4250 (dilectore-Bootes,
1039 4201 1065 4252 p.
1079 4186 1128 4251 al.)
1142 4185 1206 4239 Veri
1221 4197 1330 4248 quoque

108 4268 203 4322 simile
215 4270 265 4329 est,
278 4279 312 4318 ne
327 4266 416 4318 dicam
431 4269 613 4330 compertum,
629 4266 689 4316 rixa
704 4266 751 4316 illa
764 4266 879 4318 insidias
895 4266 1025 4318 blarlovio
1038 4269 1149 4332 paratas
1162 4265 1254 4315 tuisse.
1271 4264 1331 4327 Una

109 4363 147 4401 ex
161 4346 234 4399 uotis
247 4345 384 4397 mandatis
398 4345 530 4396 volumini
544 4346 614 4395 Hera
634 4346 690 4395 aad
711 4346 831 4396 Leander
845 4345 986 4411 inscripto,
1000 4346 1034 4396 de
1046 4345 1145 4409 quibus
1158 4357 1243 4409 supra
1263 4343 1330 4406 dixi,
1414 4357 1416 4361 ⁴

109 4442 173 4482 rem
187 4427 244 4479 1010
257 4426 368 4492 planam
382 4425 456 4476 10011.
470 4425 553 4489 Cujus
562 4425 646 4476 verba
657 4429 739 4476 sunt:
759 4442 769 4472 ι
783 4426 859 4477 10101
871 4426 899 4476 in
916 4425 1031 4476 muliere
1052 4424 1155 4488 aliquid
1175 4425 1265 4488 majus
1276 4437 1331 4489 po-

109 4508 218 4561 tentius
233 4505 360 4557 omnibus
373 4504 434 4556 01111
448 4504 577 4556 humanis
589 4504 782 4569 voluptatibus.
794 4533 824 4543 —
835 4505 936 4556 Marloe
948 4519 1004 4556 was
1017 4505 1096 4556 stabd
1109 4503 1175 4554 with
1189 4516 1206 4554 a
1219 4503 1328 4567 dagger,

110 4588 169 4642 and
182 4586 255 4652 dyed
269 4584 412 4649 swearing.
432 4603 442 4632 ι
462 4612 493 4622 -
513 4602 523 4632 e
543 4585 628 4636 Poore
643 4585 774 4637 deceased
792 4585 839 4637 llit
855 4585 994 4636 Marione!
1015 4607 1025 4627 »
1045 4597 1092 4635 are
1113 4582 1225 4634 Nashe's
1242 4581 1331 4633 words

110 4670 143 4721 in
159 4668 208 4719 the
225 4665 327 4733 Epistle
347 4668 375 4716 to
393 4665 440 4717 the
459 4665 563 4718 Reader
582 4665 702 4730 prefixed
720 4668 748 4715 to
770 4665 816 4716 the
838 4665 938 4716 second
957 4664 1060 4716 edition
1079 4663 1161 4730 (1591)
1175 4663 1205 4715 01
1219 4661 1330 4716 Chriet’o

113 4750 197 4803 Teare
209 4760 274 4798 over
285 4745 446 4823 Jerusalem.
459 4744 635 4812 (3011010100.
650 4744 713 4808 cit,
728 4745 781 4797 vol.
797 4746 816 4806 1,
828 4759 855 4812 p.
871 4745 936 4813 Ixu),
1174 4806 1191 4864 7
