3120 5474
649 431 807 495 ...99-

118 600 201 666 sunt
226 617 287 686 per
310 601 378 669 duo
407 603 532 670 saecula
559 602 596 669 in
624 603 797 670 oblivione
824 603 1101 689 permanserunt.
1135 601 1285 669 Tandem
1315 620 1334 668 e

116 706 271 774 tenebris
286 707 322 774 in
338 708 452 775 lucem
468 708 690 794 exquisitiore
705 710 934 777 litteratorum
947 707 1079 795 judicio
1101 713 1232 788 vocata,
1261 709 1333 774 sola

116 817 200 882 sunt
229 813 303 899 ejus
327 814 486 902 vestigia.
512 816 613 882 Nulla
636 815 800 903 imagine,
827 816 922 883 nulla
954 815 1130 900 sculptura
1159 814 1229 880 oris
1258 812 1333 899 ejus

116 920 329 989 lineamenta
344 921 490 1008 posteris
504 921 630 990 tradita
650 923 801 990 fuerunt.
819 923 920 1008 Apud
935 922 1013 989 illos
1028 923 1088 1008 qui
1104 922 1226 989 iisdem
1247 923 1333 989 tem-

114 1028 261 1114 poribus
277 1029 502 1116 scripserunt‚
519 1030 614 1096 nulla
630 1030 769 1097 inventa
784 1029 923 1098 suerunt
934 1029 1063 1097 indicia
1074 1028 1200 1115 quibus
1212 1029 1334 1096 lacuna

114 1134 177 1202 illa
204 1137 394 1222 expleatur,
420 1139 481 1204 aut
502 1156 521 1205 e
543 1137 670 1224 quibus
698 1137 846 1226 intelligi
876 1137 985 1223 possit
1012 1137 1073 1223 qui
1102 1135 1231 1204 fuerint
1259 1135 1334 1223 ejus

113 1243 235 1311 vultus
252 1249 285 1310 et
300 1244 451 1312 habitus.
467 1246 535 1311 Nos
550 1245 663 1312 solum
677 1263 746 1311 non
763 1243 854 1332 fugit
870 1243 917 1331 (et
930 1263 1006 1311 rem
1012 1243 1083 1330 jam
1098 1244 1239 1332 notavi),
1252 1263 1332 1311 eum

113 1355 302 1439 postquam
317 1353 497 1439 prolapsus
516 1351 697 1420 cecidisset
716 1352 752 1419 in
772 1370 923 1431 scenam,
940 1352 1026 1437 pede
1041 1352 1266 1419 claudicasse.

159 1457 319 1526 Marlovii
350 1458 532 1547 ingenium
560 1460 594 1525 et
621 1459 701 1527 vitae
728 1458 803 1545 eJus
833 1459 1041 1547 imaginem,
1075 1462 1245 1544 quantum
1277 1477 1333 1526 res

113 1564 260 1645 sineret,
277 1566 400 1633 evolvi.
417 1567 516 1633 Nunc
530 1566 617 1633 mihi
633 1569 790 1652 superest
804 1570 843 1634 ut
857 1584 913 1633 me
927 1565 1101 1634 conferam
1117 1567 1159 1633 ad
1177 1566 1334 1634 studium

112 1670 317 1741 fabularum
340 1691 418 1758 quae
444 1676 526 1739 sunt
548 1672 639 1739 inter
666 1671 740 1758 ejus
766 1672 940 1758 praecipua
965 1671 1104 1756 scripta.
1131 1673 1218 1739 Solae
1233 1670 1335 1739 hodie

111 1797 178 1847 nos
203 1781 356 1847 attentos
376 1781 505 1858 tenent,
533 1782 567 1845 et
590 1778 645 1844 his
670 1777 827 1845 sublatus
856 1778 921 1845 fuit
950 1777 1135 1846 Marlovius
1164 1778 1201 1845 in
1224 1779 1334 1845 allum

109 1887 232 1954 locum
257 1903 362 1972 quem
382 1886 472 1953 inter
494 1885 651 1974 insignes
674 1884 887 1954 britannicos
912 1885 1096 1970 scriptores
1120 1885 1335 1972 recuperavit

108 1996 143 2062 et
157 1993 198 2061 in
213 1996 394 2080 posterum
412 1992 573 2064 servabit.
