<?xml version="1.0" encoding="UTF-8"?>
<!DOCTYPE html PUBLIC "-//W3C//DTD XHTML 1.0 Transitional//EN"
    "http://www.w3.org/TR/xhtml1/DTD/xhtml1-transitional.dtd">
<html xmlns="http://www.w3.org/1999/xhtml" xml:lang="en" lang="en">
 <head>
  <title>
</title>
<meta http-equiv="Content-Type" content="text/html;charset=utf-8" />
  <meta name='ocr-system' content='tesseract 3.04.00' />
  <meta name='ocr-capabilities' content='ocr_page ocr_carea ocr_par ocr_line ocrx_word'/>
</head>
<body>
  <div class='ocr_page' id='page_1' title='image "./demarlovianisfa00faligoog_0127.png"; bbox 0 0 3120 5474; ppageno 0'>
   <div class='ocr_carea' id='block_1_1' title="bbox 698 454 875 522">
    <p class='ocr_par' dir='ltr' id='par_1_1' title="bbox 698 454 875 522">
     <span class='ocr_line' id='line_1_1' title="bbox 698 454 875 522; baseline 0 0"><span class='ocrx_word' id='word_1_1' title='bbox 698 454 875 522; x_wconf 78' lang='lat' dir='ltr'>-rtc-</span> 
     </span>
    </p>
   </div>
   <div class='ocr_carea' id='block_1_2' title="bbox 173 626 1387 3168">
    <p class='ocr_par' dir='ltr' id='par_1_2' title="bbox 174 626 1381 2297">
     <span class='ocr_line' id='line_1_2' title="bbox 180 626 1373 714; baseline -0.005 -15"><span class='ocrx_word' id='word_1_2' title='bbox 180 630 358 700; x_wconf 88' lang='lat' dir='ltr'>tannicum</span> <span class='ocrx_word' id='word_1_3' title='bbox 386 629 611 699; x_wconf 83' lang='lat' dir='ltr'>informatum</span> <span class='ocrx_word' id='word_1_4' title='bbox 640 629 717 697; x_wconf 87' lang='grc'><strong>1111.</strong></span> <span class='ocrx_word' id='word_1_5' title='bbox 748 630 849 698; x_wconf 87' lang='grc' dir='ltr'><strong>Ν1111</strong></span> <span class='ocrx_word' id='word_1_6' title='bbox 877 629 913 696; x_wconf 92' lang='grc'>11</span> <span class='ocrx_word' id='word_1_7' title='bbox 942 626 1056 696; x_wconf 85' lang='lat' dir='ltr'>sabula</span> <span class='ocrx_word' id='word_1_8' title='bbox 1090 628 1167 714; x_wconf 91' lang='lat' dir='ltr'>plus</span> <span class='ocrx_word' id='word_1_9' title='bbox 1197 627 1373 694; x_wconf 89' lang='lat' dir='ltr'>habuerunt</span> 
     </span>
     <span class='ocr_line' id='line_1_3' title="bbox 178 710 1372 824; baseline -0.004 -20"><span class='ocrx_word' id='word_1_10' title='bbox 178 739 340 824; x_wconf 93' lang='lat' dir='ltr'>ponderis</span> <span class='ocrx_word' id='word_1_11' title='bbox 355 738 510 823; x_wconf 87' lang='lat' dir='ltr'>exempla</span> <span class='ocrx_word' id='word_1_12' title='bbox 527 737 583 804; x_wconf 84' lang='grc'><strong>1111</strong></span> <span class='ocrx_word' id='word_1_13' title='bbox 599 710 758 823; x_wconf 70' lang='grc'><strong>11111111</strong></span> <span class='ocrx_word' id='word_1_14' title='bbox 778 739 989 804; x_wconf 85' lang='lat' dir='ltr'>Tamorlano.</span> <span class='ocrx_word' id='word_1_15' title='bbox 1016 738 1060 803; x_wconf 91' lang='lat' dir='ltr'>Ut</span> <span class='ocrx_word' id='word_1_16' title='bbox 1082 736 1291 803; x_wconf 79' lang='lat' dir='ltr'>describeret</span> <span class='ocrx_word' id='word_1_17' title='bbox 1309 735 1372 801; x_wconf 86' lang='lat' dir='ltr'>cali-</span> 
     </span>
     <span class='ocr_line' id='line_1_4' title="bbox 178 843 1371 930; baseline -0.005 -17"><span class='ocrx_word' id='word_1_18' title='bbox 178 845 364 913; x_wconf 90' lang='lat' dir='ltr'>dissimum</span> <span class='ocrx_word' id='word_1_19' title='bbox 379 849 412 912; x_wconf 86' lang='lat' dir='ltr'>et</span> <span class='ocrx_word' id='word_1_20' title='bbox 427 845 739 912; x_wconf 83' lang='lat' dir='ltr'>fortunatissimum</span> <span class='ocrx_word' id='word_1_21' title='bbox 759 863 777 911; x_wconf 90' lang='lat' dir='ltr'>e</span> <span class='ocrx_word' id='word_1_22' title='bbox 799 845 885 912; x_wconf 86' lang='lat' dir='ltr'>viris</span> <span class='ocrx_word' id='word_1_23' title='bbox 904 844 1083 930; x_wconf 91' lang='lat' dir='ltr'>propensis</span> <span class='ocrx_word' id='word_1_24' title='bbox 1102 845 1145 911; x_wconf 86' lang='lat' dir='ltr'>ad</span> <span class='ocrx_word' id='word_1_25' title='bbox 1173 843 1371 918; x_wconf 89' lang='lat' dir='ltr'>audendum,</span> 
     </span>
     <span class='ocr_line' id='line_1_5' title="bbox 179 947 1374 1041; baseline -0.005 -23"><span class='ocrx_word' id='word_1_26' title='bbox 179 952 362 1019; x_wconf 81' lang='lat' dir='ltr'>biarlovius</span> <span class='ocrx_word' id='word_1_27' title='bbox 377 952 567 1037; x_wconf 83' lang='lat' dir='ltr'>assumpsit</span> <span class='ocrx_word' id='word_1_28' title='bbox 581 952 617 1018; x_wconf 94' lang='lat' dir='ltr'>in</span> <span class='ocrx_word' id='word_1_29' title='bbox 635 952 830 1041; x_wconf 87' lang='lat' dir='ltr'>exemplum</span> <span class='ocrx_word' id='word_1_30' title='bbox 846 950 981 1018; x_wconf 83' lang='lat' dir='ltr'>Gallum</span> <span class='ocrx_word' id='word_1_31' title='bbox 1002 950 1182 1025; x_wconf 84' lang='lat' dir='ltr'>Amadim‚</span> <span class='ocrx_word' id='word_1_32' title='bbox 1201 947 1374 1016; x_wconf 90' lang='lat' dir='ltr'>illustrissi-</span> 
     </span>
     <span class='ocr_line' id='line_1_6' title="bbox 178 1055 1374 1126; baseline -0.003 -4"><span class='ocrx_word' id='word_1_33' title='bbox 178 1076 304 1124; x_wconf 89' lang='lat' dir='ltr'>mume</span> <span class='ocrx_word' id='word_1_34' title='bbox 319 1056 513 1124; x_wconf 87' lang='lat' dir='ltr'>fabularum</span> <span class='ocrx_word' id='word_1_35' title='bbox 530 1057 850 1126; x_wconf 88' lang='lat' dir='ltr'>commenticiarum</span> <span class='ocrx_word' id='word_1_36' title='bbox 868 1058 1041 1124; x_wconf 87' lang='lat' dir='ltr'>heroibus.</span> <span class='ocrx_word' id='word_1_37' title='bbox 1054 1057 1146 1123; x_wconf 90' lang='lat' dir='ltr'>Inter</span> <span class='ocrx_word' id='word_1_38' title='bbox 1156 1058 1244 1123; x_wconf 87' lang='lat' dir='ltr'>duas</span> <span class='ocrx_word' id='word_1_39' title='bbox 1260 1055 1374 1122; x_wconf 83' lang='lat' dir='ltr'>fabulas</span> 
     </span>
     <span class='ocr_line' id='line_1_7' title="bbox 178 1162 1376 1249; baseline -0.003 -21"><span class='ocrx_word' id='word_1_40' title='bbox 178 1162 369 1230; x_wconf 86' lang='lat' dir='ltr'>similitudo</span> <span class='ocrx_word' id='word_1_41' title='bbox 384 1169 546 1249; x_wconf 87' lang='lat' dir='ltr'>perpetua</span> <span class='ocrx_word' id='word_1_42' title='bbox 562 1167 595 1230; x_wconf 91' lang='lat' dir='ltr'>et</span> <span class='ocrx_word' id='word_1_43' title='bbox 608 1163 790 1230; x_wconf 83' lang='lat' dir='ltr'>manifesta</span> <span class='ocrx_word' id='word_1_44' title='bbox 805 1166 867 1229; x_wconf 87' lang='lat' dir='ltr'>est.</span> <span class='ocrx_word' id='word_1_45' title='bbox 885 1166 1024 1231; x_wconf 87' lang='lat' dir='ltr'>Mutuus</span> <span class='ocrx_word' id='word_1_46' title='bbox 1041 1181 1138 1228; x_wconf 88' lang='lat' dir='ltr'>amor</span> <span class='ocrx_word' id='word_1_47' title='bbox 1151 1162 1376 1229; x_wconf 86' lang='lat' dir='ltr'>Tamerlaniet</span> 
     </span>
     <span class='ocr_line' id='line_1_8' title="bbox 177 1268 1376 1357; baseline -0.005 -21"><span class='ocrx_word' id='word_1_48' title='bbox 177 1270 370 1337; x_wconf 88' lang='lat' dir='ltr'>Zenocratis</span> <span class='ocrx_word' id='word_1_49' title='bbox 391 1270 578 1357; x_wconf 78' lang='lat' dir='ltr'>perfectam</span> <span class='ocrx_word' id='word_1_50' title='bbox 603 1269 754 1336; x_wconf 78' lang='lat' dir='ltr'>ostendit</span> <span class='ocrx_word' id='word_1_51' title='bbox 784 1269 935 1356; x_wconf 87' lang='lat' dir='ltr'>effigiem</span> <span class='ocrx_word' id='word_1_52' title='bbox 964 1269 1093 1334; x_wconf 90' lang='lat' dir='ltr'>amoris</span> <span class='ocrx_word' id='word_1_53' title='bbox 1123 1268 1223 1354; x_wconf 91' lang='lat' dir='ltr'>cujus</span> <span class='ocrx_word' id='word_1_54' title='bbox 1255 1269 1376 1335; x_wconf 87' lang='lat' dir='ltr'>ardores</span> 
     </span>
     <span class='ocr_line' id='line_1_9' title="bbox 176 1375 1376 1461; baseline -0.005 -18"><span class='ocrx_word' id='word_1_55' title='bbox 176 1376 365 1444; x_wconf 90' lang='lat' dir='ltr'>incendunt</span> <span class='ocrx_word' id='word_1_56' title='bbox 377 1377 510 1443; x_wconf 89' lang='lat' dir='ltr'>animos</span> <span class='ocrx_word' id='word_1_57' title='bbox 522 1376 608 1444; x_wconf 86' lang='lat' dir='ltr'>Galli</span> <span class='ocrx_word' id='word_1_58' title='bbox 624 1377 768 1443; x_wconf 81' lang='lat' dir='ltr'>Amudis</span> <span class='ocrx_word' id='word_1_59' title='bbox 783 1380 816 1442; x_wconf 91' lang='lat' dir='ltr'>et</span> <span class='ocrx_word' id='word_1_60' title='bbox 832 1376 983 1461; x_wconf 82' lang='lat' dir='ltr'>pulchrae</span> <span class='ocrx_word' id='word_1_61' title='bbox 996 1375 1142 1442; x_wconf 86' lang='lat' dir='ltr'>Orianae.</span> <span class='ocrx_word' id='word_1_62' title='bbox 1161 1378 1376 1442; x_wconf 78' lang='lat' dir='ltr'>Personarum</span> 
     </span>
     <span class='ocr_line' id='line_1_10' title="bbox 175 1478 1377 1569; baseline -0.003 -21"><span class='ocrx_word' id='word_1_63' title='bbox 175 1501 310 1562; x_wconf 90' lang='lat' dir='ltr'>mores,</span> <span class='ocrx_word' id='word_1_64' title='bbox 336 1485 439 1551; x_wconf 86' lang='lat' dir='ltr'>verba</span> <span class='ocrx_word' id='word_1_65' title='bbox 464 1483 591 1569; x_wconf 85' lang='lat' dir='ltr'>quibus</span> <span class='ocrx_word' id='word_1_66' title='bbox 617 1483 725 1549; x_wconf 86' lang='lat' dir='ltr'>animi</span> <span class='ocrx_word' id='word_1_67' title='bbox 750 1500 872 1549; x_wconf 90' lang='lat' dir='ltr'>sensus</span> <span class='ocrx_word' id='word_1_68' title='bbox 897 1485 930 1548; x_wconf 88' lang='grc'>11</span> <span class='ocrx_word' id='word_1_69' title='bbox 948 1482 1141 1567; x_wconf 86' lang='lat' dir='ltr'>praesertim</span> <span class='ocrx_word' id='word_1_70' title='bbox 1167 1501 1266 1549; x_wconf 90' lang='lat' dir='ltr'>amor</span> <span class='ocrx_word' id='word_1_71' title='bbox 1285 1478 1377 1566; x_wconf 82' lang='lat' dir='ltr'>expri-</span> 
     </span>
     <span class='ocr_line' id='line_1_11' title="bbox 176 1589 1378 1669; baseline -0.001 -15"><span class='ocrx_word' id='word_1_72' title='bbox 176 1594 331 1669; x_wconf 91' lang='lat' dir='ltr'>muntur,</span> <span class='ocrx_word' id='word_1_73' title='bbox 349 1592 468 1658; x_wconf 90' lang='lat' dir='ltr'>eadem</span> <span class='ocrx_word' id='word_1_74' title='bbox 493 1593 586 1656; x_wconf 87' lang='lat' dir='ltr'>sunt.</span> <span class='ocrx_word' id='word_1_75' title='bbox 611 1590 649 1655; x_wconf 89' lang='lat' dir='ltr'>In</span> <span class='ocrx_word' id='word_1_76' title='bbox 672 1589 827 1655; x_wconf 78' lang='lat' dir='ltr'>dramate</span> <span class='ocrx_word' id='word_1_77' title='bbox 846 1607 914 1655; x_wconf 94' lang='lat' dir='ltr'>non</span> <span class='ocrx_word' id='word_1_78' title='bbox 933 1607 1032 1655; x_wconf 92' lang='lat' dir='ltr'>secus</span> <span class='ocrx_word' id='word_1_79' title='bbox 1052 1608 1091 1655; x_wconf 87' lang='lat' dir='ltr'>ac</span> <span class='ocrx_word' id='word_1_80' title='bbox 1115 1590 1151 1654; x_wconf 93' lang='lat' dir='ltr'>in</span> <span class='ocrx_word' id='word_1_81' title='bbox 1173 1589 1289 1656; x_wconf 81' lang='lat' dir='ltr'>fabula</span> <span class='ocrx_word' id='word_1_82' title='bbox 1304 1605 1378 1655; x_wconf 91' lang='lat' dir='ltr'>com·</span> 
     </span>
     <span class='ocr_line' id='line_1_12' title="bbox 175 1695 1378 1764; baseline -0.004 -2"><span class='ocrx_word' id='word_1_83' title='bbox 175 1697 338 1764; x_wconf 86' lang='lat' dir='ltr'>mentioia</span> <span class='ocrx_word' id='word_1_84' title='bbox 357 1717 412 1764; x_wconf 89' lang='lat' dir='ltr'>res</span> <span class='ocrx_word' id='word_1_85' title='bbox 429 1701 463 1764; x_wconf 92' lang='lat' dir='ltr'>et</span> <span class='ocrx_word' id='word_1_86' title='bbox 486 1696 594 1763; x_wconf 88' lang='lat' dir='ltr'>animi</span> <span class='ocrx_word' id='word_1_87' title='bbox 618 1695 760 1763; x_wconf 79' lang='lat' dir='ltr'>affectus</span> <span class='ocrx_word' id='word_1_88' title='bbox 780 1696 887 1762; x_wconf 88' lang='lat' dir='ltr'>nimia</span> <span class='ocrx_word' id='word_1_89' title='bbox 908 1700 988 1762; x_wconf 92' lang='lat' dir='ltr'>sunt</span> <span class='ocrx_word' id='word_1_90' title='bbox 1007 1699 1129 1761; x_wconf 89' lang='lat' dir='ltr'>ettam</span> <span class='ocrx_word' id='word_1_91' title='bbox 1149 1696 1334 1763; x_wconf 86' lang='lat' dir='ltr'>immodica</span> <span class='ocrx_word' id='word_1_92' title='bbox 1350 1695 1378 1759; x_wconf 93' lang='lat' dir='ltr'>ut</span> 
     </span>
     <span class='ocr_line' id='line_1_13' title="bbox 175 1802 1378 1889; baseline -0.002 -20"><span class='ocrx_word' id='word_1_93' title='bbox 175 1805 309 1870; x_wconf 85' lang='lat' dir='ltr'>naturae</span> <span class='ocrx_word' id='word_1_94' title='bbox 323 1804 466 1870; x_wconf 89' lang='lat' dir='ltr'>modum</span> <span class='ocrx_word' id='word_1_95' title='bbox 481 1804 659 1870; x_wconf 86' lang='lat' dir='ltr'>excedant.</span> <span class='ocrx_word' id='word_1_96' title='bbox 681 1803 833 1870; x_wconf 87' lang='lat' dir='ltr'>Sollicita</span> <span class='ocrx_word' id='word_1_97' title='bbox 853 1803 1073 1889; x_wconf 80' lang='lat' dir='ltr'>indagatione</span> <span class='ocrx_word' id='word_1_98' title='bbox 1088 1802 1276 1870; x_wconf 90' lang='lat' dir='ltr'>verborum</span> <span class='ocrx_word' id='word_1_99' title='bbox 1291 1804 1378 1869; x_wconf 83' lang='lat' dir='ltr'>elato</span> 
     </span>
     <span class='ocr_line' id='line_1_14' title="bbox 175 1909 1379 1998; baseline -0.001 -23"><span class='ocrx_word' id='word_1_100' title='bbox 175 1929 253 1976; x_wconf 89' lang='lat' dir='ltr'>rum</span> <span class='ocrx_word' id='word_1_101' title='bbox 274 1915 307 1976; x_wconf 92' lang='lat' dir='ltr'>et</span> <span class='ocrx_word' id='word_1_102' title='bbox 326 1929 502 1998; x_wconf 69' lang='lat' dir='ltr'>generosas</span> <span class='ocrx_word' id='word_1_103' title='bbox 515 1909 667 1989; x_wconf 73' lang='lat' dir='ltr'>virtutis</span> <span class='ocrx_word' id='word_1_104' title='bbox 685 1910 888 1977; x_wconf 87' lang='lat' dir='ltr'>verecundia</span> <span class='ocrx_word' id='word_1_105' title='bbox 909 1909 957 1975; x_wconf 90' lang='lat' dir='ltr'>ita</span> <span class='ocrx_word' id='word_1_106' title='bbox 972 1909 1182 1976; x_wconf 85' lang='lat' dir='ltr'>convertitur</span> <span class='ocrx_word' id='word_1_107' title='bbox 1197 1909 1234 1975; x_wconf 93' lang='lat' dir='ltr'>in</span> <span class='ocrx_word' id='word_1_108' title='bbox 1255 1909 1334 1976; x_wconf 91' lang='lat' dir='ltr'>recti</span> <span class='ocrx_word' id='word_1_109' title='bbox 1353 1911 1379 1974; x_wconf 91' lang='lat' dir='ltr'>et</span> 
     </span>
     <span class='ocr_line' id='line_1_15' title="bbox 176 2016 1379 2104; baseline -0.002 -22"><span class='ocrx_word' id='word_1_110' title='bbox 176 2016 310 2083; x_wconf 89' lang='lat' dir='ltr'>honesti</span> <span class='ocrx_word' id='word_1_111' title='bbox 321 2017 453 2084; x_wconf 91' lang='lat' dir='ltr'>cultum</span> <span class='ocrx_word' id='word_1_112' title='bbox 465 2017 558 2102; x_wconf 90' lang='lat' dir='ltr'>justo</span> <span class='ocrx_word' id='word_1_113' title='bbox 574 2017 805 2096; x_wconf 90' lang='lat' dir='ltr'>mundiorem,</span> <span class='ocrx_word' id='word_1_114' title='bbox 819 2020 857 2082; x_wconf 91' lang='lat' dir='ltr'>ut</span> <span class='ocrx_word' id='word_1_115' title='bbox 871 2017 1067 2095; x_wconf 75' lang='lat' dir='ltr'>Mammida,</span> <span class='ocrx_word' id='word_1_116' title='bbox 1081 2034 1189 2100; x_wconf 85' lang='lat' dir='ltr'>quum</span> <span class='ocrx_word' id='word_1_117' title='bbox 1203 2016 1379 2104; x_wconf 85' lang='lat' dir='ltr'>tragoedias</span> 
     </span>
     <span class='ocr_line' id='line_1_16' title="bbox 174 2121 1381 2210; baseline -0.002 -22"><span class='ocrx_word' id='word_1_118' title='bbox 174 2127 330 2202; x_wconf 88' lang='lat' dir='ltr'>moveat,</span> <span class='ocrx_word' id='word_1_119' title='bbox 352 2124 455 2189; x_wconf 90' lang='lat' dir='ltr'>rebus</span> <span class='ocrx_word' id='word_1_120' title='bbox 474 2126 508 2190; x_wconf 89' lang='lat' dir='ltr'>et</span> <span class='ocrx_word' id='word_1_121' title='bbox 527 2123 746 2190; x_wconf 87' lang='lat' dir='ltr'>sermonibus</span> <span class='ocrx_word' id='word_1_122' title='bbox 761 2142 841 2189; x_wconf 86' lang='lat' dir='ltr'>vero</span> <span class='ocrx_word' id='word_1_123' title='bbox 860 2121 1048 2210; x_wconf 87' lang='lat' dir='ltr'>majoribus</span> <span class='ocrx_word' id='word_1_124' title='bbox 1072 2123 1240 2189; x_wconf 88' lang='lat' dir='ltr'>irridendi</span> <span class='ocrx_word' id='word_1_125' title='bbox 1262 2123 1314 2190; x_wconf 91' lang='lat' dir='ltr'>sui</span> <span class='ocrx_word' id='word_1_126' title='bbox 1334 2123 1381 2190; x_wconf 89' lang='lat' dir='ltr'>det</span> 
     </span>
     <span class='ocr_line' id='line_1_17' title="bbox 174 2229 384 2297; baseline 0.014 -3"><span class='ocrx_word' id='word_1_127' title='bbox 174 2229 384 2297; x_wconf 83' lang='lat' dir='ltr'>facultatem.</span> 
     </span>
    </p>

    <p class='ocr_par' dir='ltr' id='par_1_3' title="bbox 173 2337 1387 3168">
     <span class='ocr_line' id='line_1_18' title="bbox 218 2337 1382 2424; baseline -0.001 -23"><span class='ocrx_word' id='word_1_128' title='bbox 218 2337 273 2402; x_wconf 86' lang='lat' dir='ltr'>Ab</span> <span class='ocrx_word' id='word_1_129' title='bbox 284 2337 383 2404; x_wconf 93' lang='lat' dir='ltr'>initio</span> <span class='ocrx_word' id='word_1_130' title='bbox 398 2338 563 2423; x_wconf 85' lang='lat' dir='ltr'>usquead</span> <span class='ocrx_word' id='word_1_131' title='bbox 578 2337 682 2404; x_wconf 89' lang='lat' dir='ltr'>smem</span> <span class='ocrx_word' id='word_1_132' title='bbox 694 2337 871 2413; x_wconf 77' lang='lat' dir='ltr'>dramatis.</span> <span class='ocrx_word' id='word_1_133' title='bbox 887 2338 1114 2404; x_wconf 89' lang='lat' dir='ltr'>Tamerlanus</span> <span class='ocrx_word' id='word_1_134' title='bbox 1125 2355 1160 2402; x_wconf 90' lang='lat' dir='ltr'>se</span> <span class='ocrx_word' id='word_1_135' title='bbox 1171 2337 1283 2424; x_wconf 81' lang='lat' dir='ltr'>gessit</span> <span class='ocrx_word' id='word_1_136' title='bbox 1296 2354 1382 2402; x_wconf 89' lang='lat' dir='ltr'>more</span> 
     </span>
     <span class='ocr_line' id='line_1_19' title="bbox 175 2444 1384 2531; baseline 0 -22"><span class='ocrx_word' id='word_1_137' title='bbox 175 2444 320 2511; x_wconf 90' lang='lat' dir='ltr'>heroum</span> <span class='ocrx_word' id='word_1_138' title='bbox 348 2463 495 2528; x_wconf 91' lang='lat' dir='ltr'>quorum</span> <span class='ocrx_word' id='word_1_139' title='bbox 524 2444 649 2512; x_wconf 80' lang='lat' dir='ltr'>fabulae</span> <span class='ocrx_word' id='word_1_140' title='bbox 668 2444 919 2512; x_wconf 84' lang='lat' dir='ltr'>commenticiae</span> <span class='ocrx_word' id='word_1_141' title='bbox 941 2448 1038 2531; x_wconf 88' lang='lat' dir='ltr'>gesta</span> <span class='ocrx_word' id='word_1_142' title='bbox 1061 2449 1218 2510; x_wconf 85' lang='lat' dir='ltr'>narrant.</span> <span class='ocrx_word' id='word_1_143' title='bbox 1244 2444 1336 2511; x_wconf 82' lang='lat' dir='ltr'>Vivit</span> <span class='ocrx_word' id='word_1_144' title='bbox 1355 2446 1384 2509; x_wconf 91' lang='lat' dir='ltr'>et</span> 
     </span>
     <span class='ocr_line' id='line_1_20' title="bbox 174 2551 1384 2637; baseline -0.001 -21"><span class='ocrx_word' id='word_1_145' title='bbox 174 2552 278 2617; x_wconf 86' lang='lat' dir='ltr'>sentit</span> <span class='ocrx_word' id='word_1_146' title='bbox 297 2552 409 2617; x_wconf 90' lang='lat' dir='ltr'>solum</span> <span class='ocrx_word' id='word_1_147' title='bbox 439 2557 477 2619; x_wconf 85' lang='lat' dir='ltr'>ut</span> <span class='ocrx_word' id='word_1_148' title='bbox 503 2552 677 2619; x_wconf 88' lang='lat' dir='ltr'>Zenocrati</span> <span class='ocrx_word' id='word_1_149' title='bbox 704 2552 846 2637; x_wconf 86' lang='lat' dir='ltr'>placeat,</span> <span class='ocrx_word' id='word_1_150' title='bbox 878 2554 912 2617; x_wconf 93' lang='lat' dir='ltr'>et</span> <span class='ocrx_word' id='word_1_151' title='bbox 930 2569 1037 2636; x_wconf 91' lang='lat' dir='ltr'>quum</span> <span class='ocrx_word' id='word_1_152' title='bbox 1067 2551 1186 2616; x_wconf 89' lang='lat' dir='ltr'>orbem</span> <span class='ocrx_word' id='word_1_153' title='bbox 1214 2553 1384 2616; x_wconf 87' lang='lat' dir='ltr'>terrarum</span> 
     </span>
     <span class='ocr_line' id='line_1_21' title="bbox 175 2656 1385 2744; baseline 0 -22"><span class='ocrx_word' id='word_1_154' title='bbox 175 2658 344 2744; x_wconf 87' lang='lat' dir='ltr'>sanguine</span> <span class='ocrx_word' id='word_1_155' title='bbox 361 2658 512 2744; x_wconf 84' lang='lat' dir='ltr'>aspergit</span> <span class='ocrx_word' id='word_1_156' title='bbox 526 2661 559 2723; x_wconf 92' lang='lat' dir='ltr'>et</span> <span class='ocrx_word' id='word_1_157' title='bbox 580 2658 707 2744; x_wconf 89' lang='lat' dir='ltr'>redigit</span> <span class='ocrx_word' id='word_1_158' title='bbox 727 2658 762 2724; x_wconf 95' lang='lat' dir='ltr'>in</span> <span class='ocrx_word' id='word_1_159' title='bbox 784 2676 882 2725; x_wconf 88' lang='lat' dir='ltr'>suam</span> <span class='ocrx_word' id='word_1_160' title='bbox 898 2659 1077 2737; x_wconf 87' lang='lat' dir='ltr'>ditionem,</span> <span class='ocrx_word' id='word_1_161' title='bbox 1099 2656 1163 2722; x_wconf 93' lang='lat' dir='ltr'>hoc</span> <span class='ocrx_word' id='word_1_162' title='bbox 1184 2657 1299 2723; x_wconf 91' lang='lat' dir='ltr'>solum</span> <span class='ocrx_word' id='word_1_163' title='bbox 1323 2657 1385 2723; x_wconf 90' lang='lat' dir='ltr'>sibi</span> 
     </span>
     <span class='ocr_line' id='line_1_22' title="bbox 174 2760 1387 2851; baseline 0.002 -26"><span class='ocrx_word' id='word_1_164' title='bbox 174 2761 348 2847; x_wconf 89' lang='lat' dir='ltr'>proponit,</span> <span class='ocrx_word' id='word_1_165' title='bbox 367 2766 404 2826; x_wconf 93' lang='lat' dir='ltr'>ut</span> <span class='ocrx_word' id='word_1_166' title='bbox 423 2778 577 2826; x_wconf 88' lang='lat' dir='ltr'>amorem</span> <span class='ocrx_word' id='word_1_167' title='bbox 595 2760 669 2846; x_wconf 89' lang='lat' dir='ltr'>ejus</span> <span class='ocrx_word' id='word_1_168' title='bbox 692 2763 833 2828; x_wconf 84' lang='lat' dir='ltr'>mereat.</span> <span class='ocrx_word' id='word_1_169' title='bbox 861 2762 937 2828; x_wconf 87' lang='lat' dir='ltr'>Solo</span> <span class='ocrx_word' id='word_1_170' title='bbox 958 2761 1032 2847; x_wconf 90' lang='lat' dir='ltr'>ejus</span> <span class='ocrx_word' id='word_1_171' title='bbox 1052 2780 1168 2828; x_wconf 86' lang='lat' dir='ltr'>amore</span> <span class='ocrx_word' id='word_1_172' title='bbox 1190 2763 1335 2851; x_wconf 83' lang='lat' dir='ltr'>flagrat,</span> <span class='ocrx_word' id='word_1_173' title='bbox 1356 2766 1387 2828; x_wconf 92' lang='lat' dir='ltr'>et</span> 
     </span>
     <span class='ocr_line' id='line_1_23' title="bbox 174 2867 1386 2955; baseline 0.003 -23"><span class='ocrx_word' id='word_1_174' title='bbox 174 2867 247 2933; x_wconf 87' lang='lat' dir='ltr'>sive</span> <span class='ocrx_word' id='word_1_175' title='bbox 262 2867 346 2953; x_wconf 86' lang='lat' dir='ltr'>agit,</span> <span class='ocrx_word' id='word_1_176' title='bbox 365 2869 436 2933; x_wconf 87' lang='lat' dir='ltr'>sive</span> <span class='ocrx_word' id='word_1_177' title='bbox 451 2867 614 2953; x_wconf 86' lang='lat' dir='ltr'>loquitur,</span> <span class='ocrx_word' id='word_1_178' title='bbox 631 2886 694 2935; x_wconf 90' lang='lat' dir='ltr'>nec</span> <span class='ocrx_word' id='word_1_179' title='bbox 713 2869 749 2933; x_wconf 94' lang='lat' dir='ltr'>in</span> <span class='ocrx_word' id='word_1_180' title='bbox 763 2869 930 2947; x_wconf 90' lang='lat' dir='ltr'>moribus,</span> <span class='ocrx_word' id='word_1_181' title='bbox 948 2868 1063 2935; x_wconf 91' lang='lat' dir='ltr'>necin</span> <span class='ocrx_word' id='word_1_182' title='bbox 1079 2886 1250 2950; x_wconf 89' lang='lat' dir='ltr'>sermone,</span> <span class='ocrx_word' id='word_1_183' title='bbox 1273 2889 1386 2955; x_wconf 89' lang='lat' dir='ltr'>repre-</span> 
     </span>
     <span class='ocr_line' id='line_1_24' title="bbox 177 2974 1384 3061; baseline 0.002 -22"><span class='ocrx_word' id='word_1_184' title='bbox 177 2974 280 3040; x_wconf 89' lang='lat' dir='ltr'>hendi</span> <span class='ocrx_word' id='word_1_185' title='bbox 296 2978 411 3059; x_wconf 92' lang='lat' dir='ltr'>posset</span> <span class='ocrx_word' id='word_1_186' title='bbox 422 2993 440 3040; x_wconf 87' lang='lat' dir='ltr'>a</span> <span class='ocrx_word' id='word_1_187' title='bbox 451 2975 545 3041; x_wconf 85' lang='lat' dir='ltr'>Gallo</span> <span class='ocrx_word' id='word_1_188' title='bbox 555 2976 680 3042; x_wconf 86' lang='lat' dir='ltr'>Amadi</span> <span class='ocrx_word' id='word_1_189' title='bbox 695 2976 754 3061; x_wconf 85' lang='lat' dir='ltr'>qui</span> <span class='ocrx_word' id='word_1_190' title='bbox 771 2995 806 3042; x_wconf 91' lang='lat' dir='ltr'>se</span> <span class='ocrx_word' id='word_1_191' title='bbox 820 2975 935 3060; x_wconf 91' lang='lat' dir='ltr'>ipsum</span> <span class='ocrx_word' id='word_1_192' title='bbox 952 2976 986 3041; x_wconf 96' lang='lat' dir='ltr'>in</span> <span class='ocrx_word' id='word_1_193' title='bbox 1003 2994 1054 3054; x_wconf 90' lang='lat' dir='ltr'>eo,</span> <span class='ocrx_word' id='word_1_194' title='bbox 1072 2975 1162 3042; x_wconf 91' lang='lat' dir='ltr'>siout</span> <span class='ocrx_word' id='word_1_195' title='bbox 1177 2976 1214 3042; x_wconf 93' lang='lat' dir='ltr'>in</span> <span class='ocrx_word' id='word_1_196' title='bbox 1232 2978 1384 3061; x_wconf 90' lang='lat' dir='ltr'>speculo,</span> 
     </span>
     <span class='ocr_line' id='line_1_25' title="bbox 173 3081 1387 3168; baseline 0.002 -22"><span class='ocrx_word' id='word_1_197' title='bbox 173 3081 316 3147; x_wconf 90' lang='lat' dir='ltr'>videret.</span> <span class='ocrx_word' id='word_1_198' title='bbox 345 3082 567 3148; x_wconf 87' lang='lat' dir='ltr'>Tamerlanus</span> <span class='ocrx_word' id='word_1_199' title='bbox 604 3083 795 3168; x_wconf 86' lang='lat' dir='ltr'>praesertim</span> <span class='ocrx_word' id='word_1_200' title='bbox 830 3083 873 3149; x_wconf 89' lang='lat' dir='ltr'>ad</span> <span class='ocrx_word' id='word_1_201' title='bbox 907 3083 1082 3168; x_wconf 87' lang='lat' dir='ltr'>exemplar</span> <span class='ocrx_word' id='word_1_202' title='bbox 1116 3083 1204 3149; x_wconf 88' lang='lat' dir='ltr'>Galli</span> <span class='ocrx_word' id='word_1_203' title='bbox 1241 3083 1387 3151; x_wconf 87' lang='lat' dir='ltr'>Amadis</span> 
     </span>
    </p>
   </div>
   <div class='ocr_carea' id='block_1_3' title="bbox 58 3187 1388 3276">
    <p class='ocr_par' dir='ltr' id='par_1_4' title="bbox 58 3187 1388 3276">
     <span class='ocr_line' id='line_1_26' title="bbox 58 3187 1388 3276; baseline 0.003 -24"><span class='ocrx_word' id='word_1_204' title='bbox 58 3234 63 3245; x_wconf 91' lang='lat'>.</span> <span class='ocrx_word' id='word_1_205' title='bbox 173 3187 390 3271; x_wconf 84' lang='lat' dir='ltr'>componitur</span> <span class='ocrx_word' id='word_1_206' title='bbox 405 3207 512 3274; x_wconf 90' lang='lat' dir='ltr'>quum</span> <span class='ocrx_word' id='word_1_207' title='bbox 534 3188 754 3255; x_wconf 88' lang='lat' dir='ltr'>vehementer</span> <span class='ocrx_word' id='word_1_208' title='bbox 778 3189 1014 3274; x_wconf 89' lang='lat' dir='ltr'>desperatione</span> <span class='ocrx_word' id='word_1_209' title='bbox 1037 3189 1272 3274; x_wconf 85' lang='lat' dir='ltr'>perturbatur,</span> <span class='ocrx_word' id='word_1_210' title='bbox 1295 3191 1388 3276; x_wconf 91' lang='lat' dir='ltr'>quod</span> 
     </span>
    </p>
   </div>
   <div class='ocr_carea' id='block_1_4' title="bbox 109 3292 1388 4880">
    <p class='ocr_par' dir='ltr' id='par_1_5' title="bbox 109 3292 1388 4660">
     <span class='ocr_line' id='line_1_27' title="bbox 172 3292 1388 3364; baseline 0.004 -5"><span class='ocrx_word' id='word_1_211' title='bbox 172 3292 376 3360; x_wconf 87' lang='lat' dir='ltr'>necessitate</span> <span class='ocrx_word' id='word_1_212' title='bbox 399 3296 606 3362; x_wconf 89' lang='lat' dir='ltr'>constrictus</span> <span class='ocrx_word' id='word_1_213' title='bbox 623 3297 667 3362; x_wconf 92' lang='lat' dir='ltr'>sit</span> <span class='ocrx_word' id='word_1_214' title='bbox 687 3300 725 3363; x_wconf 92' lang='lat' dir='ltr'>ut</span> <span class='ocrx_word' id='word_1_215' title='bbox 743 3296 895 3362; x_wconf 84' lang='lat' dir='ltr'>maximo</span> <span class='ocrx_word' id='word_1_216' title='bbox 911 3296 1027 3362; x_wconf 91' lang='lat' dir='ltr'>dolore</span> <span class='ocrx_word' id='word_1_217' title='bbox 1048 3296 1173 3363; x_wconf 89' lang='lat' dir='ltr'>laceret</span> <span class='ocrx_word' id='word_1_218' title='bbox 1195 3297 1388 3364; x_wconf 75' lang='lat' dir='ltr'>carissimae</span> 
     </span>
     <span class='ocr_line' id='line_1_28' title="bbox 173 3402 1387 3497; baseline 0.003 -31"><span class='ocrx_word' id='word_1_219' title='bbox 173 3419 244 3468; x_wconf 87' lang='lat' dir='ltr'>suae</span> <span class='ocrx_word' id='word_1_220' title='bbox 259 3402 626 3497; x_wconf 87' lang='lat' dir='ltr'>Zenocratisanimum</span> <span class='ocrx_word' id='word_1_221' title='bbox 641 3403 829 3490; x_wconf 90' lang='lat' dir='ltr'>redigendo</span> <span class='ocrx_word' id='word_1_222' title='bbox 845 3403 993 3469; x_wconf 88' lang='lat' dir='ltr'>insuam</span> <span class='ocrx_word' id='word_1_223' title='bbox 1008 3407 1211 3487; x_wconf 83' lang='lat' dir='ltr'>potestatem</span> <span class='ocrx_word' id='word_1_224' title='bbox 1235 3423 1387 3491; x_wconf 89' lang='lat' dir='ltr'>regnum</span> 
     </span>
     <span class='ocr_line' id='line_1_29' title="bbox 172 3507 1387 3599; baseline 0.002 -26"><span class='ocrx_word' id='word_1_225' title='bbox 172 3507 247 3593; x_wconf 87' lang='lat' dir='ltr'>ejus</span> <span class='ocrx_word' id='word_1_226' title='bbox 278 3510 397 3594; x_wconf 73' lang='lat' dir='ltr'>patris</span> <span class='ocrx_word' id='word_1_227' title='bbox 433 3511 587 3598; x_wconf 85' lang='lat' dir='ltr'>AEgyptii</span> <span class='ocrx_word' id='word_1_228' title='bbox 618 3511 839 3596; x_wconf 86' lang='lat' dir='ltr'>imperatoris</span> <span class='ocrx_word' id='word_1_229' title='bbox 878 3508 1074 3599; x_wconf 71' lang='lat' dir='ltr'>(Sourion),</span> <span class='ocrx_word' id='word_1_230' title='bbox 1106 3509 1206 3594; x_wconf 88' lang='lat' dir='ltr'>cujus</span> <span class='ocrx_word' id='word_1_231' title='bbox 1233 3511 1387 3594; x_wconf 87' lang='lat' dir='ltr'>primam</span> 
     </span>
     <span class='ocr_line' id='line_1_30' title="bbox 172 3615 1388 3703; baseline 0.003 -24"><span class='ocrx_word' id='word_1_232' title='bbox 172 3615 306 3693; x_wconf 90' lang='lat' dir='ltr'>urbem,</span> <span class='ocrx_word' id='word_1_233' title='bbox 319 3617 538 3696; x_wconf 84' lang='lat' dir='ltr'>Damascum,</span> <span class='ocrx_word' id='word_1_234' title='bbox 552 3617 729 3684; x_wconf 88' lang='lat' dir='ltr'>obsidione</span> <span class='ocrx_word' id='word_1_235' title='bbox 741 3617 878 3703; x_wconf 90' lang='lat' dir='ltr'>premit.</span> <span class='ocrx_word' id='word_1_236' title='bbox 891 3619 929 3683; x_wconf 94' lang='lat' dir='ltr'>In</span> <span class='ocrx_word' id='word_1_237' title='bbox 946 3636 1084 3685; x_wconf 87' lang='lat' dir='ltr'>scenam</span> <span class='ocrx_word' id='word_1_238' title='bbox 1095 3616 1219 3702; x_wconf 89' lang='lat' dir='ltr'>prodit,</span> <span class='ocrx_word' id='word_1_239' title='bbox 1233 3617 1388 3701; x_wconf 86' lang='lat' dir='ltr'>pallidus</span> 
     </span>
     <span class='ocr_line' id='line_1_31' title="bbox 171 3721 1387 3810; baseline 0.004 -24"><span class='ocrx_word' id='word_1_240' title='bbox 171 3725 204 3786; x_wconf 89' lang='grc'>11</span> <span class='ocrx_word' id='word_1_241' title='bbox 219 3721 418 3807; x_wconf 90' lang='lat' dir='ltr'>languidus,</span> <span class='ocrx_word' id='word_1_242' title='bbox 435 3732 530 3790; x_wconf 90' lang='lat' dir='ltr'>veste</span> <span class='ocrx_word' id='word_1_243' title='bbox 545 3723 685 3810; x_wconf 91' lang='lat' dir='ltr'>lugubri</span> <span class='ocrx_word' id='word_1_244' title='bbox 700 3725 858 3804; x_wconf 85' lang='lat' dir='ltr'>vestitus,</span> <span class='ocrx_word' id='word_1_245' title='bbox 876 3729 913 3791; x_wconf 90' lang='grc'>11</span> <span class='ocrx_word' id='word_1_246' title='bbox 932 3725 1084 3810; x_wconf 89' lang='lat' dir='ltr'>apertius</span> <span class='ocrx_word' id='word_1_247' title='bbox 1103 3724 1255 3790; x_wconf 89' lang='lat' dir='ltr'>dolorem</span> <span class='ocrx_word' id='word_1_248' title='bbox 1279 3743 1387 3791; x_wconf 92' lang='lat' dir='ltr'>suum</span> 
     </span>
     <span class='ocr_line' id='line_1_32' title="bbox 170 3829 1388 3899; baseline 0.003 -6"><span class='ocrx_word' id='word_1_249' title='bbox 170 3829 339 3894; x_wconf 87' lang='lat' dir='ltr'>ostendat.</span> <span class='ocrx_word' id='word_1_250' title='bbox 358 3830 429 3895; x_wconf 86' lang='lat' dir='ltr'>Hac</span> <span class='ocrx_word' id='word_1_251' title='bbox 443 3833 644 3897; x_wconf 87' lang='lat' dir='ltr'>eventorum</span> <span class='ocrx_word' id='word_1_252' title='bbox 659 3832 748 3897; x_wconf 89' lang='lat' dir='ltr'>serie</span> <span class='ocrx_word' id='word_1_253' title='bbox 760 3832 926 3898; x_wconf 88' lang='lat' dir='ltr'>memoria</span> <span class='ocrx_word' id='word_1_254' title='bbox 942 3834 1121 3899; x_wconf 87' lang='lat' dir='ltr'>revocatur</span> <span class='ocrx_word' id='word_1_255' title='bbox 1135 3829 1177 3896; x_wconf 87' lang='lat' dir='ltr'>ad</span> <span class='ocrx_word' id='word_1_256' title='bbox 1191 3831 1388 3897; x_wconf 90' lang='lat' dir='ltr'>secundum</span> 
     </span>
     <span class='ocr_line' id='line_1_33' title="bbox 170 3934 1386 4021; baseline 0.003 -21"><span class='ocrx_word' id='word_1_257' title='bbox 170 3934 296 4001; x_wconf 86' lang='lat' dir='ltr'>fabulae</span> <span class='ocrx_word' id='word_1_258' title='bbox 311 3937 561 4003; x_wconf 86' lang='lat' dir='ltr'>commenticiae</span> <span class='ocrx_word' id='word_1_259' title='bbox 575 3937 716 4003; x_wconf 87' lang='lat' dir='ltr'>librum.</span> <span class='ocrx_word' id='word_1_260' title='bbox 741 3939 779 4003; x_wconf 95' lang='lat' dir='ltr'>ln</span> <span class='ocrx_word' id='word_1_261' title='bbox 799 3939 862 4004; x_wconf 89' lang='lat' dir='ltr'>boc</span> <span class='ocrx_word' id='word_1_262' title='bbox 879 3937 978 4016; x_wconf 85' lang='lat' dir='ltr'>libro,</span> <span class='ocrx_word' id='word_1_263' title='bbox 1003 3935 1147 4004; x_wconf 86' lang='lat' dir='ltr'>Amadis</span> <span class='ocrx_word' id='word_1_264' title='bbox 1164 3954 1268 4021; x_wconf 91' lang='lat' dir='ltr'>quem</span> <span class='ocrx_word' id='word_1_265' title='bbox 1283 3937 1386 4004; x_wconf 90' lang='lat' dir='ltr'>Oria-</span> 
     </span>
     <span class='ocr_line' id='line_1_34' title="bbox 109 4040 1386 4132; baseline 0.003 -26"><span class='ocrx_word' id='word_1_266' title='bbox 109 4128 112 4132; x_wconf 9' lang='lat'>*</span> <span class='ocrx_word' id='word_1_267' title='bbox 171 4060 244 4121; x_wconf 88' lang='lat' dir='ltr'>nes,</span> <span class='ocrx_word' id='word_1_268' title='bbox 265 4040 464 4108; x_wconf 89' lang='lat' dir='ltr'>rumoribus</span> <span class='ocrx_word' id='word_1_269' title='bbox 488 4041 575 4108; x_wconf 85' lang='lat' dir='ltr'>falso</span> <span class='ocrx_word' id='word_1_270' title='bbox 599 4043 718 4108; x_wconf 88' lang='lat' dir='ltr'>relatis</span> <span class='ocrx_word' id='word_1_271' title='bbox 737 4043 773 4108; x_wconf 94' lang='lat' dir='ltr'>in</span> <span class='ocrx_word' id='word_1_272' title='bbox 798 4061 949 4108; x_wconf 89' lang='lat' dir='ltr'>errorem</span> <span class='ocrx_word' id='word_1_273' title='bbox 977 4042 1127 4121; x_wconf 90' lang='lat' dir='ltr'>inducta,</span> <span class='ocrx_word' id='word_1_274' title='bbox 1150 4041 1257 4128; x_wconf 88' lang='lat' dir='ltr'>jussit</span> <span class='ocrx_word' id='word_1_275' title='bbox 1281 4061 1386 4110; x_wconf 91' lang='lat' dir='ltr'>cons-</span> 
     </span>
     <span class='ocr_line' id='line_1_35' title="bbox 169 4148 1386 4233; baseline 0.003 -20"><span class='ocrx_word' id='word_1_276' title='bbox 169 4151 269 4233; x_wconf 91' lang='lat' dir='ltr'>pectu</span> <span class='ocrx_word' id='word_1_277' title='bbox 289 4166 350 4214; x_wconf 92' lang='lat' dir='ltr'>suo</span> <span class='ocrx_word' id='word_1_278' title='bbox 366 4148 495 4226; x_wconf 91' lang='lat' dir='ltr'>amitti,</span> <span class='ocrx_word' id='word_1_279' title='bbox 513 4167 549 4214; x_wconf 92' lang='lat' dir='ltr'>se</span> <span class='ocrx_word' id='word_1_280' title='bbox 565 4149 669 4215; x_wconf 89' lang='lat' dir='ltr'>tradit</span> <span class='ocrx_word' id='word_1_281' title='bbox 684 4149 816 4215; x_wconf 89' lang='lat' dir='ltr'>cunctis</span> <span class='ocrx_word' id='word_1_282' title='bbox 832 4149 992 4215; x_wconf 84' lang='lat' dir='ltr'>amentiae</span> <span class='ocrx_word' id='word_1_283' title='bbox 1005 4148 1192 4228; x_wconf 82' lang='lat' dir='ltr'>furoribus,</span> <span class='ocrx_word' id='word_1_284' title='bbox 1209 4153 1242 4215; x_wconf 88' lang='lat' dir='ltr'>et</span> <span class='ocrx_word' id='word_1_285' title='bbox 1257 4148 1386 4217; x_wconf 90' lang='lat' dir='ltr'>deinde</span> 
     </span>
     <span class='ocr_line' id='line_1_36' title="bbox 170 4254 1384 4334; baseline 0.001 -13"><span class='ocrx_word' id='word_1_286' title='bbox 170 4255 207 4321; x_wconf 91' lang='lat' dir='ltr'>in</span> <span class='ocrx_word' id='word_1_287' title='bbox 223 4255 425 4321; x_wconf 87' lang='lat' dir='ltr'>solitudines</span> <span class='ocrx_word' id='word_1_288' title='bbox 436 4255 581 4321; x_wconf 86' lang='lat' dir='ltr'>discedit</span> <span class='ocrx_word' id='word_1_289' title='bbox 594 4257 643 4334; x_wconf 91' lang='lat' dir='ltr'>ut,</span> <span class='ocrx_word' id='word_1_290' title='bbox 661 4255 875 4322; x_wconf 88' lang='lat' dir='ltr'>anachoretae</span> <span class='ocrx_word' id='word_1_291' title='bbox 891 4256 976 4321; x_wconf 87' lang='lat' dir='ltr'>stola</span> <span class='ocrx_word' id='word_1_292' title='bbox 993 4254 1146 4334; x_wconf 73' lang='lat' dir='ltr'>indutus</span> <span class='ocrx_word' id='word_1_293' title='bbox 1157 4255 1265 4322; x_wconf 87' lang='lat' dir='ltr'>vitam</span> <span class='ocrx_word' id='word_1_294' title='bbox 1276 4256 1384 4322; x_wconf 93' lang='lat' dir='ltr'>mise-</span> 
     </span>
     <span class='ocr_line' id='line_1_37' title="bbox 169 4360 1382 4448; baseline 0.001 -21"><span class='ocrx_word' id='word_1_295' title='bbox 169 4379 245 4427; x_wconf 88' lang='lat' dir='ltr'>ram</span> <span class='ocrx_word' id='word_1_296' title='bbox 269 4365 302 4427; x_wconf 92' lang='lat' dir='ltr'>et</span> <span class='ocrx_word' id='word_1_297' title='bbox 326 4380 479 4443; x_wconf 84' lang='lat' dir='ltr'>amaram</span> <span class='ocrx_word' id='word_1_298' title='bbox 504 4360 618 4448; x_wconf 87' lang='lat' dir='ltr'>degat.</span> <span class='ocrx_word' id='word_1_299' title='bbox 636 4362 846 4447; x_wconf 85' lang='lat' dir='ltr'>Quapropter</span> <span class='ocrx_word' id='word_1_300' title='bbox 865 4361 1007 4428; x_wconf 90' lang='lat' dir='ltr'>eremita</span> <span class='ocrx_word' id='word_1_301' title='bbox 1022 4361 1151 4427; x_wconf 89' lang='lat' dir='ltr'>doloris</span> <span class='ocrx_word' id='word_1_302' title='bbox 1167 4360 1240 4448; x_wconf 90' lang='lat' dir='ltr'>ejus</span> <span class='ocrx_word' id='word_1_303' title='bbox 1262 4363 1382 4439; x_wconf 88' lang='lat' dir='ltr'>testis,</span> 
     </span>
     <span class='ocr_line' id='line_1_38' title="bbox 168 4468 1383 4556; baseline 0.002 -23"><span class='ocrx_word' id='word_1_304' title='bbox 168 4468 199 4533; x_wconf 90' lang='lat' dir='ltr'>ei</span> <span class='ocrx_word' id='word_1_305' title='bbox 234 4486 425 4555; x_wconf 87' lang='lat' dir='ltr'>cognomen</span> <span class='ocrx_word' id='word_1_306' title='bbox 459 4471 662 4535; x_wconf 90' lang='lat' dir='ltr'>Formosum</span> <span class='ocrx_word' id='word_1_307' title='bbox 696 4470 927 4536; x_wconf 90' lang='lat' dir='ltr'>Tenebrosum</span> <span class='ocrx_word' id='word_1_308' title='bbox 959 4469 1021 4556; x_wconf 79' lang='lat' dir='ltr'>(Le</span> <span class='ocrx_word' id='word_1_309' title='bbox 1049 4469 1140 4534; x_wconf 86' lang='lat' dir='ltr'>Beau</span> <span class='ocrx_word' id='word_1_310' title='bbox 1167 4468 1383 4556; x_wconf 78' lang='grc'><strong>1111111111)</strong></span> 
     </span>
     <span class='ocr_line' id='line_1_39' title="bbox 168 4575 325 4660; baseline 0.006 -20"><span class='ocrx_word' id='word_1_311' title='bbox 168 4575 325 4660; x_wconf 93' lang='lat' dir='ltr'>imponit.</span> 
     </span>
    </p>

    <p class='ocr_par' dir='ltr' id='par_1_6' title="bbox 167 4668 1383 4880">
     <span class='ocr_line' id='line_1_40' title="bbox 168 4668 1383 4752; baseline 0 -2"><span class='ocrx_word' id='word_1_312' title='bbox 168 4668 171 4675; x_wconf 67' lang='grc'><strong>’</strong></span> <span class='ocrx_word' id='word_1_313' title='bbox 211 4683 395 4751; x_wconf 77' lang='grc'><strong>1111111111</strong></span> <span class='ocrx_word' id='word_1_314' title='bbox 426 4703 464 4751; x_wconf 88' lang='grc'>11</span> <span class='ocrx_word' id='word_1_315' title='bbox 489 4682 624 4752; x_wconf 84' lang='lat' dir='ltr'>facilius</span> <span class='ocrx_word' id='word_1_316' title='bbox 648 4683 816 4751; x_wconf 89' lang='lat' dir='ltr'>adductus</span> <span class='ocrx_word' id='word_1_317' title='bbox 841 4682 973 4752; x_wconf 83' lang='lat' dir='ltr'>suited</span> <span class='ocrx_word' id='word_1_318' title='bbox 998 4682 1086 4749; x_wconf 89' lang='lat' dir='ltr'>hanc</span> <span class='ocrx_word' id='word_1_319' title='bbox 1110 4680 1264 4750; x_wconf 79' lang='lat' dir='ltr'>fabulam</span> <span class='ocrx_word' id='word_1_320' title='bbox 1286 4681 1383 4750; x_wconf 92' lang='lat' dir='ltr'>baud</span> 
     </span>
     <span class='ocr_line' id='line_1_41' title="bbox 167 4788 1382 4880; baseline -0.002 -17"><span class='ocrx_word' id='word_1_321' title='bbox 167 4789 288 4863; x_wconf 72' lang='lat' dir='ltr'>omzue</span> <span class='ocrx_word' id='word_1_322' title='bbox 306 4789 343 4857; x_wconf 92' lang='lat' dir='ltr'>in</span> <span class='ocrx_word' id='word_1_323' title='bbox 358 4789 553 4880; x_wconf 83' lang='lat' dir='ltr'>exemplum</span> <span class='ocrx_word' id='word_1_324' title='bbox 568 4791 827 4871; x_wconf 88' lang='lat' dir='ltr'>assumendam,</span> <span class='ocrx_word' id='word_1_325' title='bbox 844 4791 935 4878; x_wconf 90' lang='lat' dir='ltr'>quod</span> <span class='ocrx_word' id='word_1_326' title='bbox 951 4809 969 4858; x_wconf 92' lang='lat' dir='ltr'>e</span> <span class='ocrx_word' id='word_1_327' title='bbox 983 4788 1129 4859; x_wconf 85' lang='lat' dir='ltr'>diversis</span> <span class='ocrx_word' id='word_1_328' title='bbox 1153 4789 1311 4878; x_wconf 89' lang='lat' dir='ltr'>partibus</span> <span class='ocrx_word' id='word_1_329' title='bbox 1337 4791 1382 4860; x_wconf 91' lang='lat' dir='ltr'>ad</span> 
     </span>
    </p>
   </div>
   <div class='ocr_carea' id='block_1_5' title="bbox 0 0 1564 5474">
    <p class='ocr_par' dir='ltr' id='par_1_7' title="bbox 0 0 1564 5474">
     <span class='ocr_line' id='line_1_42' title="bbox 0 0 1564 5474; baseline 0 3"><span class='ocrx_word' id='word_1_330' title='bbox 0 0 1564 5474; x_wconf 95' lang='lat' dir='ltr'> </span> 
     </span>
    </p>
   </div>
  </div>
 </body>
</html>
