3120 5474
709 318 866 383 ..90-

182 496 303 564 sebant
319 494 436 579 stupra
459 490 585 579 quibus
608 490 844 560 Britannicam
864 490 1084 580 Babylomem
1107 491 1308 580 inquinabat.
1324 493 1358 562 lis

181 601 366 672 Marlovius
386 607 454 668 tam
480 599 614 667 invisus
633 602 707 665 erat
724 616 829 685 quam
848 598 907 686 qni
932 600 1083 666 maxime
1100 601 1144 668 ob
1162 602 1361 668 temerariaat

181 704 1363 792 nefariaverbaquaequibusdamfabularumsuarumpersonisaccom·

179 815 393 891 modaverat,
414 815 449 880 et
467 812 510 880 ob
530 830 667 880 morum
687 829 829 880 suorum
848 812 1060 898 nequitiam,
1082 831 1188 898 quam
1207 813 1366 902 insigniter

180 920 363 1006 impudens
377 919 581 999 ostentabat,
598 919 697 1005 quasi
711 918 768 986 illa
785 919 1004 1007 gloriaretur.
1022 919 1153 988 Idcirco
1168 939 1275 1007 quum
1289 920 1369 988 Puri·

179 1027 251 1094 tani
266 1025 458 1093 rescierunt
472 1042 552 1093 eum
572 1025 750 1093 inhonesta
767 1029 878 1093 morte
891 1026 1105 1103 occubuisse,
1123 1029 1158 1093 et
1171 1028 1256 1095 dum
1270 1028 1372 1096 incar-

179 1137 294 1201 tamen
317 1132 450 1201 veniret
473 1149 552 1201 cum
580 1131 712 1220 achcto
736 1131 836 1200 rivali
866 1133 1019 1201 necisum
1054 1132 1175 1214 fuisse,
1206 1135 1376 1203 immodico

179 1238 306 1330 gaudio
324 1241 542 1319 exultarunt,
566 1243 599 1308 et
623 1240 722 1307 enixe
745 1256 884 1325 operam
908 1240 1078 1307 dederunt
1101 1244 1139 1307 ut
1162 1242 1292 1310 caedem
1316 1241 1380 1328 ejus

179 1348 221 1415 ad
248 1346 432 1416 utilitatem
461 1366 560 1415 suam
592 1343 828 1414 transferrent.
859 1347 1028 1429 Quoniam
1057 1366 1263 1434 persuasum
1287 1349 1381 1416 habe·

178 1457 260 1523 bant
275 1454 363 1523 hanc
386 1474 503 1523 necem
519 1453 581 1521 irae
600 1452 727 1522 divinae
743 1453 911 1522 indicium
927 1453 1046 1534 fuisse,
1065 1474 1171 1540 eaque
1186 1455 1384 1524 Marlovium

177 1562 388 1652 flagitiorum
404 1564 438 1629 et
452 1560 638 1648 impiorum
662 1561 831 1629 dictorum
856 1580 999 1629 suorum
1024 1562 1237 1629 saevissimas
1260 1564 1385 1648 persol-

177 1669 268 1737 visse
292 1686 424 1756 poenas,
441 1668 535 1735 omni
559 1667 661 1735 modo
684 1668 885 1736 laborarunt
904 1673 942 1736 ut
965 1669 1204 1737 miserandum
1228 1672 1388 1738 eventum

178 1778 431 1866 pervulgarent.
457 1777 574 1842 Unum
595 1793 613 1842 a
636 1774 929 1861 frequentissimis
948 1776 1164 1863 argumentis
1188 1794 1389 1845 sermonum

177 1900 296 1950 sorum
315 1882 425 1950 factus
448 1887 500 1950 est
523 1883 616 1951 etin
641 1884 796 1968 exempla
820 1884 947 1969 quibus
971 1884 1143 1951 orationes
1166 1886 1200 1951 et
1216 1885 1326 1952 libros
1349 1886 1391 1952 de

176 1988 299 2058 officiis
321 1989 541 2058 illustrabant
556 1990 707 2057 insertus
730 1989 808 2056 fuit.
829 1990 993 2073 Quamvis
1011 2008 1080 2058 non
1098 1991 1165 2059 visi
1185 1991 1256 2059 sint
1275 1993 1392 2060 odisse

177 2115 239 2163 suo
257 2097 396 2165 nomine
420 2096 635 2177 llarlovium,
662 2096 761 2184 cujus
785 2099 942 2165 consulto
959 2115 1083 2164 nomen
1107 2099 1316 2166 omittebant
1333 2103 1393 2166 ant

175 2203 424 2283 deformabant,
450 2203 579 2271 etenim
593 2205 806 2272 Wormallus
832 2204 939 2271 abiis
960 2204 1158 2273 vocabatur.
1185 2210 1246 2273 aut
1273 2207 1306 2272 is
1331 2207 1393 2294 qui

177 2312 262 2378 Deos
285 2329 360 2378 esse
384 2312 480 2378 nullo
501 2312 600 2397 pacto
622 2311 776 2397 putabat,
798 2310 950 2398 peiorem
974 2312 1151 2379 memoriae
1169 2311 1244 2397 ejus
1267 2314 1394 2380 attule-

175 2419 257 2484 runt
281 2415 445 2504 injuriam
469 2434 573 2504 qnam
598 2416 623 2485 ii
645 2417 705 2504 qui
732 2429 813 2485 cum
837 2436 876 2486 eo
896 2419 938 2485 de
960 2418 1071 2506 gloria
1095 2420 1283 2486 certabant.
1312 2421 1392 2488 Sola

175 2523 348 2592 sollicitati
372 2542 454 2592 cura
477 2524 637 2592 movendi
662 2524 802 2611 eosqui
825 2525 931 2592 libros
954 2525 1109 2611 ipsorum
1133 2527 1255 2595 lecturi
1274 2532 1389 2605 erant,

175 2647 242 2698 non
257 2630 412 2698 veritatis
431 2630 543 2698 lucem
563 2631 694 2698 intente
708 2631 967 2718 conquirebant.
989 2634 1173 2718 Nunquam
1193 2633 1236 2702 ab
1251 2634 1392 2722 origine

173 2739 371 2826 repetebant
410 2739 621 2827 principium
657 2759 786 2818 rerum,
818 2760 905 2827 quas
940 2741 1093 2827 undique
1123 2741 1319 2821 sumebant,
1356 2745 1391 2810 et

173 2846 317 2914 consilio
340 2864 429 2932 saepe
452 2847 681 2935 adaugebunt,
704 2850 744 2915 ut
763 2846 877 2934 maJus
896 2848 1015 2916 odium
1035 2848 1071 2916 in
1091 2850 1225 2916 sontem
1240 2849 1393 2916 concita-

172 2956 259 3033 rant,
271 2957 306 3021 et
318 2971 417 3040 poena
433 2953 508 3041 eJus
523 2954 671 3022 atrocior
680 2954 867 3023 videretur.
880 2955 1051 3023 Existimo
1061 2956 1204 3043 vulgare
1218 2973 1360 3024 carmen
1379 2976 1388 3023 r

175 3059 246 3128 Tha
267 3060 440 3129 Atdeist's
467 3062 646 3148 Traqedie
671 3062 898 3148 inscriptum,
926 3081 1035 3130 unum
1061 3080 1137 3130 esse
1161 3062 1391 3147 exoperibus

172 3180 249 3252 quas
272 3168 427 3235 Puritani
445 3169 696 3254 componebant
719 3169 796 3236 ideo
813 3172 852 3235 ut
874 3169 1009 3237 animos
1031 3170 1193 3238 docerent
1211 3175 1245 3236 et
1268 3188 1389 3238 move·

171 3277 249 3339 rent
278 3274 441 3356 Quamvis
464 3275 495 3342 is
519 3275 580 3362 qui
606 3293 727 3343 versus
753 3275 907 3343 condidit
925 3276 1061 3345 dicendi
1086 3295 1198 3364 genus
1223 3276 1265 3344 ad
1287 3277 1388 3364 vulgi

172 3398 313 3446 sensum
339 3382 636 3450 accommodatum
660 3382 749 3449 mira
769 3381 999 3451 similitudine
1021 3382 1226 3460 reddiderit,
1253 3384 1387 3468 perspi·

171 3486 240 3552 cies
254 3490 370 3553 tamen
389 3506 468 3554 eum
493 3488 601 3555 fuisse
615 3507 684 3555 non
703 3489 934 3555 illitteratum.
956 3490 1050 3575 Opus
1065 3492 1177 3558 cetero
1200 3489 1387 3574 puritanus

170 3591 228 3658 ille
243 3594 347 3676 probe
366 3593 491 3674 effecit,
519 3597 553 3661 at
572 3595 694 3661 saltem
719 3596 904 3682 diligenter
919 3601 1040 3663 cuncta
1057 3595 1204 3663 crimina
1219 3583 1385 3663 Marlov'io

169 3697 265 3765 illata
293 3698 442 3786 collegit.
464 3700 627 3782 Quaedam
651 3702 756 3768 etiam
781 3703 925 3769 laterent
949 3702 978 3769 si
1003 3721 1041 3770 aa
1061 3720 1130 3772 non
1154 3701 1382 3787 patefecisset.

170 3805 355 3890 Postquam
375 3806 578 3874 Marlovium
598 3807 799 3875 informavit
817 3808 1002 3896 indignum
1018 3810 1053 3878 iu
1068 3810 1210 3877 modum
1225 3811 1259 3876 et
1278 3809 1383 3878 talem

169 3910 282 3996 qualis
296 3928 476 3997 nunquam
501 3911 578 3994 fuit,
604 3913 809 3989 affirmando
834 3933 913 3983 eum
938 3918 1048 3983 Deum
1063 3934 1185 3983 verum
1215 3915 1383 3985 etJesum

169 4016 345 4084 (ibristum
363 4019 556 4106 negavisse,
575 4039 696 4088 omncs
713 4039 893 4105 poenarum
914 4025 1063 4090 terrores
1081 4021 1258 4099 derisisse,
1276 4027 1310 4089 ot
1326 4021 1383 4089 die

169 4140 209 4190 ac
236 4127 334 4192 nocte
362 4125 471 4192 Deum
499 4124 724 4194 ferocioribus
755 4127 871 4196 verbis
903 4128 1145 4214 increpavisse,
1175 4127 1275 4213 quasi
1311 4129 1381 4195 vita

170 4230 303 4298 somnio
318 4230 413 4299 inani
429 4231 556 4300 similis
574 4233 605 4299 ei
621 4233 809 4312 videratur,
825 4238 859 4302 et
872 4253 942 4303 non
966 4235 1003 4304 in
1027 4253 1200 4305 summam
1220 4235 1380 4321 despera-

168 4331 297 4401 tionem
316 4355 460 4405 evasura
483 4344 586 4416 esset,
607 4340 707 4424 plura
725 4341 903 4411 memoriae
923 4342 1027 4412 tradit
1041 4360 1118 4427 quaa
1132 4342 1323 4427 respiciunt
1336 4341 1379 4408 ad

167 4438 274 4507 vitam
297 4441 384 4529 ejus.
411 4444 563 4533 Insignis
582 4447 656 4515 erat
674 4451 785 4532 poeta,
806 4447 921 4534 inquit
934 4449 1004 4528 ille,
1030 4451 1065 4518 et
1087 4448 1216 4518 multas
1241 4447 1380 4534 scripsit

168 4544 320 4626 fabulas;
336 4567 457 4617 verum
478 4552 550 4617 tam
574 4549 799 4618 immoderate
819 4554 853 4619 et
871 4551 1120 4638 intemperante
1134 4551 1220 4619 vixit
1234 4554 1274 4618 ut
1293 4569 1378 4618 non-

168 4670 346 4737 nunquam
370 4656 543 4724 incederet
568 4656 752 4744 magnifice
776 4659 964 4738 sericatus,
992 4663 1026 4724 et
1048 4675 1176 4744 paucos
1199 4660 1276 4742 post
1303 4658 1378 4724 dies
