3120 5474
629 382 787 447 ..23-

93 551 270 619 scenicam
290 555 400 619 artem
424 555 664 631 mutaverunt,
685 557 719 621 et
737 555 858 621 drama
878 574 1006 624 novum
1027 578 1066 629 ea
1091 559 1201 627 torma
1222 560 1311 648 ligu-

93 662 231 736 rarum,
247 677 353 744 quam
367 660 412 726 ad
427 659 590 726 ultimum
610 664 826 728 servaturum
843 667 916 730 erat
934 684 942 729 :
965 666 1106 733 uestria
1121 668 1309 756 (chester),

92 764 269 850 usquead
292 764 519 832 millesimum
539 766 857 853 quingentesimum
879 773 1174 859 septuagesimum
1197 772 1311 862 (1570)

92 873 132 937 Ρ.
154 872 191 937 C.
212 874 254 938 N.
275 890 428 950 annum;
449 908 492 921 -
510 872 700 939 coventriae
721 873 943 962 (Covcotry),
965 896 1074 963 usque
1099 880 1141 946 ad
1166 880 1310 946 millesi-

91 996 192 1045 mum
212 978 533 1066 quingentesimum
552 979 817 1065 nonagesimum
838 981 990 1065 primum
1011 984 1124 1072 (1591)
1139 1006 1147 1065 ;
1163 1022 1207 1033 -
1226 986 1310 1053 Novi

89 1083 231 1151 Castelli
255 1082 496 1171 (Newcustle)‚
527 1103 639 1168 usque
664 1085 707 1151 ad
735 1086 962 1154 millesimum
987 1088 1309 1175 quingentesimum

89 1189 359 1279 nonagesimum
367 1190 872 1278 octavumtl598).Spectaculae
880 1198 1311 1281 quaepapeaotsdicnntur

88 1296 221 1381 pariter
234 1295 394 1381 pluribus
413 1296 450 1362 in
469 1296 553 1362 locis
572 1301 849 1381 permanserunt,
871 1302 904 1365 et
923 1318 984 1385 per
1002 1304 1113 1368 totum
1134 1302 1309 1369 Elisabeth

88 1403 325 1488 principatum
340 1403 488 1469 morales
506 1402 632 1469 tabulae
650 1406 735 1470 actae
757 1404 908 1472 luerunt.
930 1408 1096 1474 Interludi
1118 1409 1256 1474 tandem
1276 1414 1309 1475 et

89 1509 197 1575 larvae
209 1528 249 1576 eo
264 1510 339 1595 ipso
354 1511 508 1594 tempore
523 1509 559 1575 in
577 1528 756 1577 summum
771 1513 935 1596 perducta
950 1516 1043 1580 sunt.
1056 1514 1156 1598 Apud
1168 1518 1308 1602 gentem

89 1614 345 1694 britannicam,
380 1620 556 1701 propterea
585 1616 677 1701 quod
705 1635 744 1684 ea
771 1636 857 1705 gens
887 1619 1043 1686 moribus
1070 1638 1089 1685 a
1118 1619 1307 1704 majoribus

89 1721 230 1788 traditis
256 1720 415 1788 stabilem
449 1725 563 1788 servat
594 1721 715 1801 fidem,
749 1727 883 1790 veteres
912 1725 1196 1804 consuetudines,
1232 1728 1305 1793 tum

88 1827 194 1892 etiam
210 1847 320 1913 quum
335 1832 477 1896 mutatae
494 1831 587 1908 sunt,
600 1830 766 1916 novisque
776 1831 940 1916 depulsae,
954 1850 1023 1898 non
1037 1835 1118 1899 totae
1129 1834 1304 1900 labuntur.

88 1933 257 2014 Quamvis
284 1935 327 2002 ad
354 1938 464 2002 metas
493 1935 564 2003 dati
591 1937 657 2002 aevi
690 1939 925 2021 pervenerint,
956 1938 1123 2022 quosdam
1157 1939 1306 2005 retinent

87 2038 262 2106 studiosos
290 2041 459 2126 aquibus
487 2041 655 2109 tenaciter
683 2042 910 2111 observantur
938 2044 1184 2129 interdumque
1206 2062 1305 2111 reno-

86 2149 226 2212 vantur.
243 2146 325 2228 Quae
338 2147 400 2214 tali
415 2148 517 2215 modo
533 2152 732 2234 supersunt,
744 2149 889 2236 vestigia
902 2154 982 2216 sunt
992 2168 1069 2235 quae
1080 2168 1143 2216 nos
1156 2168 1306 2217 commo

86 2253 171 2317 nent
196 2270 338 2338 eaquae
363 2255 604 2338 praeterierunt
626 2255 811 2322 exstitisse.
842 2256 1042 2323 Memoriam
1071 2258 1232 2322 revocant
1259 2257 1302 2323 ad

87 2357 228 2425 arbores
262 2358 525 2442 semimortuas,
556 2362 697 2446 quaein
729 2361 836 2448 sylvis
865 2362 1017 2428 humano
1045 2363 1130 2447 pede
1163 2363 1301 2428 intactis

85 2464 195 2531 vitam
210 2465 382 2550 prolatant
396 2484 502 2552 prope
519 2465 661 2534 frutices
671 2467 745 2553 jam
764 2468 909 2548 validos,
928 2468 1033 2553 stirpe
1053 2486 1114 2534 sua
1134 2468 1301 2554 regermi-

48 2650 52 2655 .
84 2574 198 2650 natos,
216 2573 249 2637 et
264 2571 440 2639 interdum
455 2591 570 2639 raram
590 2574 784 2658 exilemque
799 2572 956 2640 frondem
972 2574 1154 2641 inducunt.

130 2677 184 2742 Ab
212 2677 284 2743 illis
307 2679 502 2766 pervagatis
531 2682 564 2746 et
591 2679 753 2746 obsoletis
783 2680 970 2768 generibus
1002 2699 1080 2764 quae
1107 2679 1299 2764 torpebant,

83 2782 259 2849 debilibus
274 2783 354 2851 vitae
369 2785 526 2870 reliquiis
543 2785 600 2851 vix
620 2786 784 2867 animata,
800 2786 984 2852 llarlovius
1004 2789 1037 2851 et
1058 2784 1132 2870 ejus
1153 2787 1301 2868 aequales

83 2891 185 2955 aetate
209 2896 473 2975 assumpserunt
496 2892 670 2977 praecipua
694 2893 773 2958 novi
795 2891 963 2958 dramatis
984 2891 1166 2957 elementa.
1183 2891 1237 2956 Ab
1257 2890 1301 2955 iis

83 2994 145 3077 qui
165 2997 324 3082 llysteria
350 2998 583 3083 ltliraoulaque
607 2998 839 3083 scripserunt,
866 3016 997 3063 morem
1023 2998 1229 3080 acceperunt
1251 2997 1299 3061 ita

81 3100 238 3188 fingendi
258 3103 376 3169 omnia
394 3102 521 3169 fabulae
542 3106 663 3169 eventa
686 3102 832 3169 scenicis
854 3101 998 3187 picturis
1020 3102 1242 3184 vestibusque
1266 3103 1300 3166 et

80 3207 318 3273 comoedorum
334 3208 490 3295 gestibus
504 3209 539 3273 et
556 3207 684 3288 verbis,
706 3210 828 3286 utres,
846 3207 881 3273 in
902 3207 1014 3272 scenis
1030 3210 1116 3284 acta,
1135 3210 1203 3271 tota
1219 3208 1299 3271 ante

79 3314 314 3397 spectantium
335 3315 452 3380 oculos
474 3315 632 3398 ponatur.
654 3315 744 3379 Dum
772 3312 808 3378 in
839 3312 1006 3399 tragoedia
1033 3330 1087 3377 res
1111 3315 1298 3376 narrantur

78 3420 115 3485 et
144 3419 253 3484 animi
287 3423 417 3499 motus,
453 3419 564 3485 limati
598 3421 631 3485 et
664 3418 855 3496 emundati,
885 3419 1027 3483 solerter
1059 3420 1093 3483 et
1125 3417 1298 3482 subtiliter

78 3523 330 3609 dispiciuntur,
348 3525 383 3592 in
398 3526 554 3593 dramate
568 3543 656 3591 novo
671 3528 823 3613 aguntur
837 3527 871 3590 et
891 3523 1085 3608 promiscue
1105 3523 1294 3608 agitantur.

77 3631 151 3697 Nec
170 3631 344 3716 praecipua
367 3634 487 3698 eventa
508 3632 543 3697 in
563 3631 795 3715 postscenium
822 3630 1033 3717 relegantur,
1054 3647 1117 3694 nec
1141 3645 1297 3712 persons

77 3740 272 3821 expectant,
289 3738 333 3804 ad
353 3737 483 3822 seipsas
503 3737 702 3813 movendas,
722 3736 829 3802 donec
849 3736 939 3801 intro
953 3734 1006 3800 vel
1023 3734 1113 3800 foras
1129 3735 1219 3810 eant,
1238 3733 1297 3797 aut

77 3847 197 3911 motus
221 3844 359 3930 dialogo
388 3843 616 3928 postulentur.
638 3842 717 3908 Sine
741 3842 812 3908 ulla
836 3840 1092 3907 intermissione
1112 3838 1297 3921 scriptores

76 3953 281 4018 eventorum
301 3967 487 4017 numerum
507 3952 541 4015 et
561 3948 670 4014 nodos
688 3949 837 4034 augent;
856 3950 891 4013 at
909 3946 1004 4012 nullo
1025 3945 1126 4010 modo
1141 3942 1297 4008 laborant

75 4059 119 4123 ut
138 4056 196 4122 illa
212 4056 302 4122 inter
317 4075 353 4123 se
368 4056 562 4121 cohaereant
576 4058 609 4120 et
624 4071 728 4138 quam
740 4053 890 4118 maxime
900 4052 970 4119 veri
987 4051 1114 4118 similia
1131 4048 1293 4114 efficiant.

76 4166 119 4230 In
135 4161 269 4228 fabulas
285 4163 443 4229 inserunt
458 4164 579 4228 cuncta
599 4179 676 4244 quae
696 4160 732 4225 in
753 4159 815 4225 has
835 4159 1013 4224 insinuare
1033 4158 1187 4241 possunt,
1205 4156 1238 4218 et
1253 4153 1296 4219 ab

76 4268 181 4336 initio
205 4287 313 4352 usque
341 4267 384 4334 ad
412 4266 517 4334 finem
542 4268 734 4351 spectantes
760 4282 822 4349 per
846 4268 958 4330 tantos
983 4281 1099 4357 rerum
1124 4261 1239 4326 motus
1262 4261 1296 4325 et

13 4460 17 4466 Ι
76 4376 186 4442 aestus
205 4374 358 4450 trabunt,
381 4377 418 4439 ut
438 4372 626 4438 meditandi
651 4372 693 4438 de
708 4370 840 4438 eventis
855 4389 932 4455 quae
946 4370 1097 4455 aguntur
1118 4366 1162 4432 iis
1186 4364 1294 4431 sacul-

75 4483 185 4548 tatem
207 4496 275 4545 non
294 4479 504 4564 relinquant.
527 4479 596 4544 Has
618 4481 708 4543 artes
731 4494 800 4542 non
821 4476 932 4542 solum
957 4494 975 4540 e
998 4472 1169 4559 llysteriis
1192 4470 1294 4536 llira-

75 4587 238 4670 culisque
261 4587 392 4653 ducunt
415 4589 448 4651 et
471 4585 508 4651 in
531 4602 604 4650 rem
628 4602 728 4650 suam
748 4586 962 4649 convertunt.
988 4579 1066 4645 Alia
1091 4595 1227 4661 quoque
1250 4574 1293 4640 de

72 4691 205 4782 priscis
219 4691 346 4758 sabulis
359 4694 503 4758 sumunt
515 4690 683 4775 exempla.
696 4688 850 4775 Tragicis
861 4686 963 4753 rebus
973 4684 1123 4753 comicas
1132 4681 1291 4759 miscent,
