3120 5474
681 423 798 489 -111
820 456 859 473 ·-

154 618 304 671 scenam
332 598 564 669 britannicam
593 616 779 687 aggressus
807 597 870 676 est,
902 592 927 661 ii
954 591 1015 681 qui
1044 590 1176 659 fabulas
1205 589 1372 660 docebant

153 708 257 777 riam
272 707 333 776 diu
352 704 581 793 conquisitam
595 706 733 773 tandem
747 702 969 790 reperierant,
982 703 1016 767 et
1030 717 1100 768 una
1113 717 1169 766 res
1183 698 1227 765 iis
1241 694 1369 766 deerat.

155 814 247 882 Volo
271 797 433 900 petebant
455 813 656 899 scriptorem
680 812 723 879 iis
745 829 806 897 per
829 809 918 876 hanc
941 825 1063 874 novam
1088 806 1180 873 viam
1205 805 1371 873 ducendis

160 918 341 990 idoneum.
358 920 520 988 Marlovio
534 920 607 987 haec
621 920 697 986 laus
707 916 888 984 tribuenda
903 919 966 994 est,
983 932 1061 982 eum
1073 913 1165 981 viam
1180 912 1277 979 illam
1292 929 1371 979 con·

160 1028 310 1096 fidenter
334 1027 514 1106 institisse,
539 1030 572 1093 et
594 1045 703 1112 quum
728 1025 793 1092 iter
812 1023 980 1100 inivisset,
1000 1038 1070 1088 non
1084 1021 1126 1089 de
1140 1040 1178 1088 ea
1192 1017 1373 1087 deflexisse

161 1140 195 1204 et
209 1135 326 1223 longis
340 1134 547 1220 processisse
561 1134 733 1218 passibus.
753 1133 866 1214 Quum
881 1129 1030 1215 primam
1045 1146 1143 1194 suam
1169 1126 1320 1193 fabulam
1336 1127 1373 1192 in

162 1259 304 1309 scenam
324 1240 477 1318 induxit,
495 1240 687 1326 agebantur
709 1240 864 1307 dramata
889 1235 1047 1302 inchoata
1070 1252 1110 1301 ac
1132 1232 1251 1313 rudia,
1273 1235 1306 1301 11
1330 1232 1373 1299 11

162 1347 264 1415 111111
287 1345 368 1414 novi
387 1346 524 1434 generis
547 1346 583 1413 11
610 1346 664 1412 his
691 1343 985 1434 dignoscendum,
1016 1340 1216 1410 acutissima
1245 1339 1372 1407 mentis

162 1455 236 1523 acie
259 1455 293 1520 et
315 1452 510 1539 praesertim
537 1452 606 1520 leni
635 1451 773 1541 ingenio
797 1469 883 1537 opus
906 1452 991 1517 erat.
1016 1449 1201 1517 Marlovius
1224 1448 1371 1516 scienter

162 1561 334 1628 elementa
362 1559 422 1627 illa
450 1559 601 1645 percepit
627 1563 660 1626 11
687 1578 706 1625 1
732 1558 880 1646 caligine
907 1574 1024 1623 rerum
1052 1555 1367 1633 circumstantium,

161 1667 271 1736 nullis
287 1664 542 1754 adjuvantibus,
564 1665 598 1732 in
619 1665 747 1733 claram
763 1666 875 1732 lucem
889 1663 1044 1749 protulit.
1063 1665 1153 1730 Dum
1168 1663 1205 1730 in
1217 1662 1371 1730 studium

162 1776 310 1845 scenicae
333 1772 417 1840 artis
447 1771 610 1858 prodiret,
636 1775 831 1838 constanter
855 1771 1045 1858 principem
1067 1769 1217 1837 obtinuit
1244 1770 1370 1836 locum.

161 1883 263 1951 Viam
283 1879 454 1967 aperiens,
480 1879 558 1946 aliis
581 1879 737 1964 exemplo
756 1878 832 1960 luit,
858 1896 1036 1963 nunquam
1051 1877 1199 1944 aliorum
1218 1877 1372 1962 exempla

164 1992 304 2057 secutus
315 1990 378 2054 est.
391 1985 501 2071 liqui,
515 1985 728 2071 temporibus
738 1984 874 2065 lisdem,
889 1984 1021 2051 fabulas
1035 1985 1071 2051 in
1085 2002 1223 2052 scenam
1234 1985 1374 2051 induxe-

166 2098 266 2163 runt:
296 2093 402 2173 Nash,
419 2092 553 2170 Peelus,
575 2092 737 2179 Lodgius,
760 2093 923 2172 nicenus,
946 2094 1009 2158 etc.
1031 2091 1145 2159 cuncti
1160 2109 1277 2159 revera
1300 2089 1374 2177 ejus

147 2194 150 2201 '
166 2201 357 2270 imitatores
372 2199 499 2285 pariter
514 2217 553 2267 11
568 2200 683 2265 aemuli
700 2198 849 2278 luerunt,
875 2202 908 2265 11
931 2198 1063 2265 nullam
1088 2198 1132 2264 iis
1153 2198 1271 2265 debuit
1294 2216 1373 2285 gra-

167 2306 262 2386 tiam,
280 2304 350 2371 nisi
373 2303 458 2370 lorte
478 2302 684 2371 beneficium
707 2303 999 2390 vituperationum
1017 2305 1062 2371 ad
1077 2323 1163 2389 quas
1186 2302 1375 2371 efferendas

167 2410 297 2482 invidia
312 2411 548 2498 multomagis
562 2429 667 2496 quam
689 2410 783 2478 vitiis
802 2410 876 2497 ejus
895 2412 985 2478 clare
1008 2411 1195 2497 perspectis
1221 2412 1374 2496 impelle-

166 2517 304 2586 bantur.
321 2517 355 2583 Si
376 2515 553 2583 assentiris
575 2516 654 2584 huic
677 2518 866 2596 sententiae,
888 2536 908 2583 a
926 2517 1060 2584 Malono
1077 2522 1142 2587 eta
1163 2521 1276 2605 Payno
1299 2518 1373 2585 Col·

165 2624 249 2693 liero
263 2623 418 2711 primum
433 2622 522 2705 latae,
538 2626 582 2704 et,
601 2627 638 2691 ut
647 2624 780 2710 opinor,
796 2623 941 2690 minime
957 2624 1083 2705 dubiae,
1101 2625 1373 2711 Sirakespearum

163 2732 298 2818 primas
314 2750 394 2798 suas
409 2728 543 2798 tabulas
562 2730 597 2797 in
621 2749 759 2798 scenam
779 2748 869 2798 anno
888 2732 925 2796 P.
946 2732 982 2798 C.
1002 2732 1043 2797 N.
1065 2731 1250 2797 millesimo
1273 2730 1373 2815 quin-

161 2838 360 2928 gentesimo
382 2840 606 2928 nonagesimo
635 2841 746 2925 primo
776 2839 888 2928 (1591)
922 2839 1128 2921 induxisse,
1143 2844 1175 2907 et
1199 2859 1307 2926 usque
1332 2840 1374 2907 ad

163 2962 299 3012 annum
324 2945 361 3009 P.
386 2947 422 3011 C.
448 2947 488 3012 N.
515 2946 740 3013 millesimum
765 2945 1085 3033 quingentesimum
1109 2947 1374 3033 nonagesimum

160 3051 310 3119 tertium
327 3049 586 3140 (1593111111
602 3047 786 3138 scripsisse
796 3053 916 3120 drama
930 3052 1023 3138 quod
1038 3053 1172 3138 primus
1187 3053 1376 3120 invenisset

162 3163 197 3226 et
220 3159 258 3224 in
283 3175 423 3226 scenam
450 3159 613 3239 dedisset,
635 3158 812 3227 latendum
840 3163 893 3227 est
919 3160 1122 3226 Marlovium
1152 3178 1231 3226 vere
1254 3159 1373 3226 drama

161 3282 297 3334 novum
316 3265 500 3350 peperisse.
525 3267 625 3333 Anno
646 3266 833 3334 millesimo
849 3265 1128 3354 quingentesimo
1151 3265 1374 3353 nonagesimo

163 3371 269 3439 tertio
284 3369 409 3458 (1593),
427 3390 494 3456 quo
509 3373 642 3440 occisus
660 3373 737 3452 luit,
757 3376 889 3441 cunctae
904 3373 978 3459 eius
996 3371 1120 3440 tabulae
1135 3375 1219 3440 actae
1239 3371 1375 3440 luerant

166 3482 200 3545 et
227 3477 385 3563 exempla
414 3477 622 3563 praebuerat,
655 3497 723 3546 non
750 3483 841 3548 certe
869 3479 1035 3566 perlecta,
1069 3479 1208 3567 egregia
1239 3482 1372 3560 autem,

167 3584 384 3652 diversorum
403 3584 569 3651 dramatis
589 3585 669 3652 novi
692 3603 860 3673 generum
878 3604 955 3671 quae
975 3587 1199 3654 Histortcum
1216 3589 1371 3668 Dromo,

168 3691 476 3777 Chremeta-Ptoy
498 3693 531 3758 11
553 3691 779 3760 Metodrome
802 3693 975 3760 dicuntur.
1001 3693 1048 3760 lis
1071 3693 1131 3778 qui
1156 3712 1235 3761 eum
1266 3695 1374 3761 secuti

168 3802 261 3877 sunt,
286 3798 398 3864 solum
420 3797 602 3883 dereliquit
625 3818 710 3885 opus
739 3798 937 3884 perficiendi
965 3799 1056 3885 quod
1081 3799 1154 3886 jam
1181 3818 1309 3888 magna
1333 3819 1374 3868 ex

167 3906 264 3990 parte
287 3903 454 3972 effecerat.
472 3905 536 3986 Qui
559 3905 590 3972 ei
610 3923 832 3973 successurus
852 3908 935 3986 erat,
957 3904 1031 3992 jam
1056 3906 1173 3974 aderat
1197 3910 1372 3987 caeterum,

167 4016 201 4080 et
219 4014 358 4078 exortus
376 4013 428 4078 est
447 4011 490 4079 ad
509 4011 659 4078 culmina
679 4031 755 4098 quae
772 4013 846 4079 sine
861 4013 966 4091 dubio
987 4030 1165 4100 nunquam
1189 4014 1375 4081 Marlovius

167 4119 312 4204 adeptus
335 4120 436 4198 esset,
462 4118 521 4185 sed
546 4119 684 4205 adquae
703 4119 947 4205 lortepropius
968 4138 1073 4205 quam
1095 4123 1236 4206 putatur
1260 4138 1374 4188 acces-

167 4227 282 4293 sisset.
304 4225 417 4307 Quum
437 4225 622 4292 Marlovius
646 4243 735 4293 anno
758 4226 943 4293 millesimo
966 4227 1245 4315 quingentesimo
1268 4245 1375 4294 nona-

166 4333 302 4422 gesimo
332 4333 432 4399 tertio
459 4333 614 4400 luctuosa
643 4351 726 4400 nece
755 4336 953 4420 assumptus
982 4333 1062 4415 1111,
1097 4334 1372 4420 ShakespearuS,

166 4458 230 4508 suo
254 4439 394 4526 ingenio
417 4442 451 4505 et
473 4441 667 4526 temporum
690 4444 724 4507 11
750 4459 866 4508 rerum
889 4441 1143 4526 opportunitate
1165 4440 1371 4524 laventibus,

165 4546 316 4614 eminuit
339 4549 373 4611 et
398 4545 435 4612 in
457 4545 530 4633 ejus
558 4547 672 4614 locum
701 4546 875 4633 subjectus
903 4546 979 4615 fuit.
1009 4547 1161 4616 Summis
1187 4548 1374 4616 virtutibus

162 4653 423 4723 consummarit
446 4670 519 4719 rem
543 4653 585 4720 ab
609 4653 785 4722 excellenti
810 4653 964 4724 Marlovii
986 4657 1100 4724 mente
1118 4653 1193 4742 jam
1214 4674 1374 4744 prospere

160 4761 352 4849 inceptam.
