<?xml version="1.0" encoding="UTF-8"?>
<!DOCTYPE html PUBLIC "-//W3C//DTD XHTML 1.0 Transitional//EN"
    "http://www.w3.org/TR/xhtml1/DTD/xhtml1-transitional.dtd">
<html xmlns="http://www.w3.org/1999/xhtml" xml:lang="en" lang="en">
 <head>
  <title>
</title>
<meta http-equiv="Content-Type" content="text/html;charset=utf-8" />
  <meta name='ocr-system' content='tesseract 3.04.00' />
  <meta name='ocr-capabilities' content='ocr_page ocr_carea ocr_par ocr_line ocrx_word'/>
</head>
<body>
  <div class='ocr_page' id='page_1' title='image "./demarlovianisfa00faligoog_0051.png"; bbox 0 0 3120 5474; ppageno 0'>
   <div class='ocr_carea' id='block_1_1' title="bbox 168 510 1417 1670">
    <p class='ocr_par' dir='ltr' id='par_1_1' title="bbox 168 510 1417 1670">
     <span class='ocr_line' id='line_1_1' title="bbox 168 510 1417 601; baseline -0.006 -17"><span class='ocrx_word' id='word_1_1' title='bbox 168 530 273 601; x_wconf 86' lang='lat' dir='ltr'>quam</span> <span class='ocrx_word' id='word_1_2' title='bbox 311 510 551 581; x_wconf 86' lang='lat' dir='ltr'>alimentarias</span> <span class='ocrx_word' id='word_1_3' title='bbox 590 528 686 598; x_wconf 89' lang='lat' dir='ltr'>puer,</span> <span class='ocrx_word' id='word_1_4' title='bbox 721 528 784 578; x_wconf 88' lang='lat' dir='ltr'>nec</span> <span class='ocrx_word' id='word_1_5' title='bbox 816 513 854 577; x_wconf 93' lang='lat' dir='ltr'>ut</span> <span class='ocrx_word' id='word_1_6' title='bbox 881 511 1037 579; x_wconf 88' lang='lat' dir='ltr'>uteretur</span> <span class='ocrx_word' id='word_1_7' title='bbox 1074 527 1146 577; x_wconf 93' lang='lat' dir='ltr'>uno</span> <span class='ocrx_word' id='word_1_8' title='bbox 1182 528 1224 577; x_wconf 87' lang='lat' dir='ltr'>ex</span> <span class='ocrx_word' id='word_1_9' title='bbox 1259 511 1360 577; x_wconf 84' lang='lat' dir='ltr'>annuis</span> <span class='ocrx_word' id='word_1_10' title='bbox 1415 554 1417 601; x_wconf 58' lang='lat'>3</span> 
     </span>
     <span class='ocr_line' id='line_1_2' title="bbox 168 615 1361 708; baseline -0.007 -16"><span class='ocrx_word' id='word_1_11' title='bbox 168 621 366 708; x_wconf 78' lang='lat' dir='ltr'><strong>sumptibus</strong></span> <span class='ocrx_word' id='word_1_12' title='bbox 379 638 468 706; x_wconf 90' lang='lat' dir='ltr'>quos</span> <span class='ocrx_word' id='word_1_13' title='bbox 481 618 761 704; x_wconf 81' lang='lat' dir='ltr'>archiepiscopus</span> <span class='ocrx_word' id='word_1_14' title='bbox 775 617 948 684; x_wconf 89' lang='lat' dir='ltr'>Parkerus</span> <span class='ocrx_word' id='word_1_15' title='bbox 964 615 1140 705; x_wconf 78' lang='lat' dir='ltr'>(Purher)</span> <span class='ocrx_word' id='word_1_16' title='bbox 1160 635 1252 685; x_wconf 91' lang='lat' dir='ltr'>anno</span> <span class='ocrx_word' id='word_1_17' title='bbox 1270 619 1361 684; x_wconf 87' lang='lat' dir='ltr'>mille·</span> 
     </span>
     <span class='ocr_line' id='line_1_3' title="bbox 169 720 1363 815; baseline -0.005 -18"><span class='ocrx_word' id='word_1_18' title='bbox 169 730 258 798; x_wconf 91' lang='lat' dir='ltr'>simo</span> <span class='ocrx_word' id='word_1_19' title='bbox 286 726 565 815; x_wconf 81' lang='lat' dir='ltr'>quingentesimo</span> <span class='ocrx_word' id='word_1_20' title='bbox 591 723 806 812; x_wconf 86' lang='lat' dir='ltr'>sexagesimo</span> <span class='ocrx_word' id='word_1_21' title='bbox 834 741 924 790; x_wconf 92' lang='lat' dir='ltr'>nono</span> <span class='ocrx_word' id='word_1_22' title='bbox 950 720 1066 811; x_wconf 80' lang='grc'>(1569)</span> <span class='ocrx_word' id='word_1_23' title='bbox 1093 725 1315 793; x_wconf 89' lang='lat' dir='ltr'>constituerat</span> <span class='ocrx_word' id='word_1_24' title='bbox 1336 727 1363 792; x_wconf 88' lang='lat' dir='ltr'>ut</span> 
     </span>
     <span class='ocr_line' id='line_1_4' title="bbox 168 830 1362 918; baseline -0.005 -15"><span class='ocrx_word' id='word_1_25' title='bbox 168 839 302 904; x_wconf 90' lang='lat' dir='ltr'>certum</span> <span class='ocrx_word' id='word_1_26' title='bbox 333 835 490 902; x_wconf 89' lang='lat' dir='ltr'>redderet</span> <span class='ocrx_word' id='word_1_27' title='bbox 521 832 654 899; x_wconf 90' lang='lat' dir='ltr'>cultum</span> <span class='ocrx_word' id='word_1_28' title='bbox 684 831 915 917; x_wconf 90' lang='lat' dir='ltr'>quorumdam</span> <span class='ocrx_word' id='word_1_29' title='bbox 943 849 962 899; x_wconf 91' lang='lat' dir='ltr'>e</span> <span class='ocrx_word' id='word_1_30' title='bbox 989 830 1174 917; x_wconf 85' lang='lat' dir='ltr'>discipulis</span> <span class='ocrx_word' id='word_1_31' title='bbox 1202 832 1274 899; x_wconf 86' lang='lat' dir='ltr'>ludi</span> <span class='ocrx_word' id='word_1_32' title='bbox 1295 831 1362 918; x_wconf 82' lang='lat' dir='ltr'>regii</span> 
     </span>
     <span class='ocr_line' id='line_1_5' title="bbox 169 936 1364 1024; baseline -0.004 -15"><span class='ocrx_word' id='word_1_33' title='bbox 169 940 455 1009; x_wconf 85' lang='lat' dir='ltr'>Durovernensis.</span> <span class='ocrx_word' id='word_1_34' title='bbox 481 941 611 1007; x_wconf 88' lang='lat' dir='ltr'>Nomen</span> <span class='ocrx_word' id='word_1_35' title='bbox 634 936 709 1024; x_wconf 89' lang='lat' dir='ltr'>ejus</span> <span class='ocrx_word' id='word_1_36' title='bbox 733 937 923 1005; x_wconf 83' lang='lat' dir='ltr'>scolasticis</span> <span class='ocrx_word' id='word_1_37' title='bbox 946 936 1076 1004; x_wconf 88' lang='lat' dir='ltr'>tabulis</span> <span class='ocrx_word' id='word_1_38' title='bbox 1099 938 1216 1006; x_wconf 90' lang='lat' dir='ltr'>solum</span> <span class='ocrx_word' id='word_1_39' title='bbox 1240 937 1364 1005; x_wconf 86' lang='lat' dir='ltr'>retertur</span> 
     </span>
     <span class='ocr_line' id='line_1_6' title="bbox 170 1044 1373 1132; baseline -0.006 -15"><span class='ocrx_word' id='word_1_40' title='bbox 170 1053 203 1117; x_wconf 89' lang='lat' dir='ltr'>et</span> <span class='ocrx_word' id='word_1_41' title='bbox 217 1048 340 1117; x_wconf 88' lang='lat' dir='ltr'>llarlin</span> <span class='ocrx_word' id='word_1_42' title='bbox 359 1047 528 1132; x_wconf 90' lang='lat' dir='ltr'>scriptum</span> <span class='ocrx_word' id='word_1_43' title='bbox 553 1050 625 1125; x_wconf 90' lang='lat' dir='ltr'>est;</span> <span class='ocrx_word' id='word_1_44' title='bbox 647 1062 846 1131; x_wconf 87' lang='lat' dir='ltr'>praenomen</span> <span class='ocrx_word' id='word_1_45' title='bbox 870 1047 986 1111; x_wconf 86' lang='lat' dir='ltr'>autem</span> <span class='ocrx_word' id='word_1_46' title='bbox 1010 1044 1198 1126; x_wconf 86' lang='lat' dir='ltr'>omittitur,</span> <span class='ocrx_word' id='word_1_47' title='bbox 1224 1045 1304 1114; x_wconf 92' lang='lat' dir='ltr'>dum</span> <span class='ocrx_word' id='word_1_48' title='bbox 1323 1064 1373 1127; x_wconf 37' lang='lat' dir='ltr'>res,</span> 
     </span>
     <span class='ocr_line' id='line_1_7' title="bbox 169 1151 1364 1237; baseline -0.006 -14"><span class='ocrx_word' id='word_1_49' title='bbox 169 1156 332 1224; x_wconf 90' lang='lat' dir='ltr'>videntur</span> <span class='ocrx_word' id='word_1_50' title='bbox 358 1155 405 1221; x_wconf 90' lang='lat' dir='ltr'>ita</span> <span class='ocrx_word' id='word_1_51' title='bbox 434 1153 603 1220; x_wconf 87' lang='lat' dir='ltr'>institutae</span> <span class='ocrx_word' id='word_1_52' title='bbox 630 1151 750 1231; x_wconf 85' lang='lat' dir='ltr'>fuisse,</span> <span class='ocrx_word' id='word_1_53' title='bbox 776 1154 815 1220; x_wconf 91' lang='lat' dir='ltr'>ut</span> <span class='ocrx_word' id='word_1_54' title='bbox 836 1168 1035 1237; x_wconf 87' lang='lat' dir='ltr'>praenomen</span> <span class='ocrx_word' id='word_1_55' title='bbox 1060 1153 1168 1220; x_wconf 90' lang='lat' dir='ltr'>semel</span> <span class='ocrx_word' id='word_1_56' title='bbox 1193 1171 1233 1220; x_wconf 88' lang='lat' dir='ltr'>ac</span> <span class='ocrx_word' id='word_1_57' title='bbox 1259 1170 1364 1220; x_wconf 90' lang='lat' dir='ltr'>nomeu</span> 
     </span>
     <span class='ocr_line' id='line_1_8' title="bbox 171 1258 1364 1345; baseline -0.007 -14"><span class='ocrx_word' id='word_1_58' title='bbox 171 1263 395 1331; x_wconf 80' lang='lat' dir='ltr'>mandaretur</span> <span class='ocrx_word' id='word_1_59' title='bbox 409 1260 537 1327; x_wconf 94' lang='lat' dir='ltr'>tabulis</span> <span class='ocrx_word' id='word_1_60' title='bbox 548 1259 618 1326; x_wconf 90' lang='lat' dir='ltr'>illis</span> <span class='ocrx_word' id='word_1_61' title='bbox 628 1276 737 1345; x_wconf 92' lang='lat' dir='ltr'>quum</span> <span class='ocrx_word' id='word_1_62' title='bbox 747 1258 956 1325; x_wconf 90' lang='lat' dir='ltr'>alimentarii</span> <span class='ocrx_word' id='word_1_63' title='bbox 967 1259 1065 1344; x_wconf 91' lang='lat' dir='ltr'>pueri</span> <span class='ocrx_word' id='word_1_64' title='bbox 1076 1258 1364 1328; x_wconf 91' lang='lat' dir='ltr'>inscriberentur¹.</span> 
     </span>
     <span class='ocr_line' id='line_1_9' title="bbox 170 1365 1367 1453; baseline -0.003 -16"><span class='ocrx_word' id='word_1_65' title='bbox 170 1372 284 1453; x_wconf 88' lang='lat' dir='ltr'>Quum</span> <span class='ocrx_word' id='word_1_66' title='bbox 318 1372 435 1436; x_wconf 89' lang='lat' dir='ltr'>autem</span> <span class='ocrx_word' id='word_1_67' title='bbox 466 1370 562 1453; x_wconf 90' lang='lat' dir='ltr'>pater</span> <span class='ocrx_word' id='word_1_68' title='bbox 598 1365 685 1452; x_wconf 88' lang='lat' dir='ltr'>ejus,</span> <span class='ocrx_word' id='word_1_69' title='bbox 715 1365 854 1432; x_wconf 88' lang='lat' dir='ltr'>institor</span> <span class='ocrx_word' id='word_1_70' title='bbox 886 1365 942 1433; x_wconf 93' lang='lat' dir='ltr'>cui</span> <span class='ocrx_word' id='word_1_71' title='bbox 971 1365 1226 1452; x_wconf 91' lang='lat' dir='ltr'>providendum</span> <span class='ocrx_word' id='word_1_72' title='bbox 1248 1371 1316 1434; x_wconf 87' lang='lat' dir='ltr'>erat</span> <span class='ocrx_word' id='word_1_73' title='bbox 1335 1367 1367 1433; x_wconf 93' lang='lat' dir='ltr'>de</span> 
     </span>
     <span class='ocr_line' id='line_1_10' title="bbox 171 1470 1366 1549; baseline -0.003 -7"><span class='ocrx_word' id='word_1_74' title='bbox 171 1476 362 1543; x_wconf 92' lang='lat' dir='ltr'>multorum</span> <span class='ocrx_word' id='word_1_75' title='bbox 382 1474 573 1541; x_wconf 91' lang='lat' dir='ltr'>liberorum</span> <span class='ocrx_word' id='word_1_76' title='bbox 589 1470 864 1549; x_wconf 89' lang='lat' dir='ltr'>necessitatibus,</span> <span class='ocrx_word' id='word_1_77' title='bbox 885 1471 1070 1540; x_wconf 86' lang='lat' dir='ltr'>manifesto</span> <span class='ocrx_word' id='word_1_78' title='bbox 1094 1492 1164 1540; x_wconf 94' lang='lat' dir='ltr'>non</span> <span class='ocrx_word' id='word_1_79' title='bbox 1189 1474 1312 1541; x_wconf 90' lang='lat' dir='ltr'>valeret</span> <span class='ocrx_word' id='word_1_80' title='bbox 1335 1473 1366 1540; x_wconf 89' lang='lat' dir='ltr'>ad</span> 
     </span>
     <span class='ocr_line' id='line_1_11' title="bbox 172 1578 1365 1670; baseline -0.003 -20"><span class='ocrx_word' id='word_1_81' title='bbox 172 1585 332 1668; x_wconf 92' lang='lat' dir='ltr'>sumptus</span> <span class='ocrx_word' id='word_1_82' title='bbox 357 1580 510 1647; x_wconf 87' lang='lat' dir='ltr'>liberalis</span> <span class='ocrx_word' id='word_1_83' title='bbox 533 1580 649 1646; x_wconf 88' lang='lat' dir='ltr'>cultus</span> <span class='ocrx_word' id='word_1_84' title='bbox 663 1578 899 1657; x_wconf 86' lang='lat' dir='ltr'>insumendas,</span> <span class='ocrx_word' id='word_1_85' title='bbox 916 1597 958 1646; x_wconf 83' lang='lat' dir='ltr'>ex</span> <span class='ocrx_word' id='word_1_86' title='bbox 982 1598 1020 1648; x_wconf 90' lang='lat' dir='ltr'>ea</span> <span class='ocrx_word' id='word_1_87' title='bbox 1044 1599 1082 1648; x_wconf 92' lang='lat' dir='ltr'>re</span> <span class='ocrx_word' id='word_1_88' title='bbox 1108 1581 1174 1649; x_wconf 94' lang='lat' dir='ltr'>hoc</span> <span class='ocrx_word' id='word_1_89' title='bbox 1188 1583 1365 1670; x_wconf 82' lang='lat' dir='ltr'>coegerunt,</span> 
     </span>
    </p>
   </div>
   <div class='ocr_carea' id='block_1_2' title="bbox 63 1685 1410 1774">
    <p class='ocr_par' dir='ltr' id='par_1_2' title="bbox 63 1685 1410 1774">
     <span class='ocr_line' id='line_1_12' title="bbox 63 1685 1410 1774; baseline -0.004 -18"><span class='ocrx_word' id='word_1_90' title='bbox 63 1734 66 1741; x_wconf 84' lang='lat'><em>-</em></span> <span class='ocrx_word' id='word_1_91' title='bbox 172 1690 206 1756; x_wconf 89' lang='lat' dir='ltr'>et</span> <span class='ocrx_word' id='word_1_92' title='bbox 223 1690 325 1766; x_wconf 89' lang='lat' dir='ltr'>recte,</span> <span class='ocrx_word' id='word_1_93' title='bbox 349 1691 388 1753; x_wconf 89' lang='lat' dir='ltr'>ut</span> <span class='ocrx_word' id='word_1_94' title='bbox 411 1685 600 1753; x_wconf 86' lang='lat' dir='ltr'>verisimile</span> <span class='ocrx_word' id='word_1_95' title='bbox 619 1687 682 1763; x_wconf 92' lang='lat' dir='ltr'>est,</span> <span class='ocrx_word' id='word_1_96' title='bbox 699 1702 907 1773; x_wconf 86' lang='lat' dir='ltr'>generosum</span> <span class='ocrx_word' id='word_1_97' title='bbox 922 1688 1107 1771; x_wconf 89' lang='lat' dir='ltr'>patronum</span> <span class='ocrx_word' id='word_1_98' title='bbox 1133 1693 1291 1774; x_wconf 88' lang='lat' dir='ltr'>sumptus</span> <span class='ocrx_word' id='word_1_99' title='bbox 1306 1688 1368 1754; x_wconf 90' lang='lat' dir='ltr'>illos</span> <span class='ocrx_word' id='word_1_100' title='bbox 1407 1706 1410 1712; x_wconf 95' lang='lat'>·</span> 
     </span>
    </p>
   </div>
   <div class='ocr_carea' id='block_1_3' title="bbox 138 1791 1412 3484">
    <p class='ocr_par' dir='ltr' id='par_1_3' title="bbox 138 1791 1412 3484">
     <span class='ocr_line' id='line_1_13' title="bbox 173 1791 1369 1881; baseline -0.003 -18"><span class='ocrx_word' id='word_1_101' title='bbox 173 1793 378 1880; x_wconf 88' lang='lat' dir='ltr'>suscepisse.</span> <span class='ocrx_word' id='word_1_102' title='bbox 404 1794 487 1874; x_wconf 75' lang='lat' dir='ltr'>Quas</span> <span class='ocrx_word' id='word_1_103' title='bbox 509 1792 660 1877; x_wconf 92' lang='lat' dir='ltr'>suspicio</span> <span class='ocrx_word' id='word_1_104' title='bbox 683 1792 886 1860; x_wconf 88' lang='lat' dir='ltr'>confirmata</span> <span class='ocrx_word' id='word_1_105' title='bbox 910 1791 988 1872; x_wconf 85' lang='lat' dir='ltr'>tuit,</span> <span class='ocrx_word' id='word_1_106' title='bbox 1014 1796 1049 1860; x_wconf 91' lang='lat' dir='ltr'>et</span> <span class='ocrx_word' id='word_1_107' title='bbox 1071 1795 1315 1881; x_wconf 80' lang='lat' dir='ltr'>propemodum</span> <span class='ocrx_word' id='word_1_108' title='bbox 1336 1794 1369 1860; x_wconf 90' lang='lat' dir='ltr'>ad</span> 
     </span>
     <span class='ocr_line' id='line_1_14' title="bbox 173 1898 1412 1988; baseline -0.001 -21"><span class='ocrx_word' id='word_1_109' title='bbox 173 1903 306 1968; x_wconf 87' lang='lat' dir='ltr'>certum</span> <span class='ocrx_word' id='word_1_110' title='bbox 323 1899 481 1976; x_wconf 92' lang='lat' dir='ltr'>deducta,</span> <span class='ocrx_word' id='word_1_111' title='bbox 499 1915 607 1981; x_wconf 93' lang='lat' dir='ltr'>quum</span> <span class='ocrx_word' id='word_1_112' title='bbox 624 1898 761 1984; x_wconf 89' lang='lat' dir='ltr'>Paynus</span> <span class='ocrx_word' id='word_1_113' title='bbox 780 1898 947 1965; x_wconf 82' lang='lat' dir='ltr'>Collierus</span> <span class='ocrx_word' id='word_1_114' title='bbox 966 1898 1099 1965; x_wconf 88' lang='lat' dir='ltr'>invenit</span> <span class='ocrx_word' id='word_1_115' title='bbox 1122 1901 1322 1988; x_wconf 90' lang='lat' dir='ltr'>inscriptum</span> <span class='ocrx_word' id='word_1_116' title='bbox 1342 1900 1369 1966; x_wconf 94' lang='lat' dir='ltr'>in</span> <span class='ocrx_word' id='word_1_117' title='bbox 1410 1983 1412 1987; x_wconf 13' lang='grc' dir='ltr'><strong><em>ι</em></strong></span> 
     </span>
     <span class='ocr_line' id='line_1_15' title="bbox 173 2004 1370 2090; baseline -0.003 -14"><span class='ocrx_word' id='word_1_118' title='bbox 173 2009 276 2076; x_wconf 90' lang='lat' dir='ltr'>titulo</span> <span class='ocrx_word' id='word_1_119' title='bbox 306 2005 436 2074; x_wconf 91' lang='lat' dir='ltr'>codicis</span> <span class='ocrx_word' id='word_1_120' title='bbox 460 2004 560 2090; x_wconf 86' lang='lat' dir='ltr'>cujus</span> <span class='ocrx_word' id='word_1_121' title='bbox 587 2023 667 2089; x_wconf 91' lang='lat' dir='ltr'>pars</span> <span class='ocrx_word' id='word_1_122' title='bbox 695 2009 768 2071; x_wconf 89' lang='lat' dir='ltr'>erat</span> <span class='ocrx_word' id='word_1_123' title='bbox 799 2023 920 2090; x_wconf 90' lang='lat' dir='ltr'>poema</span> <span class='ocrx_word' id='word_1_124' title='bbox 950 2006 1007 2073; x_wconf 93' lang='lat' dir='ltr'>cui</span> <span class='ocrx_word' id='word_1_125' title='bbox 1031 2008 1121 2074; x_wconf 91' lang='lat' dir='ltr'>Hero</span> <span class='ocrx_word' id='word_1_126' title='bbox 1144 2009 1213 2076; x_wconf 89' lang='lat' dir='ltr'>and</span> <span class='ocrx_word' id='word_1_127' title='bbox 1238 2008 1370 2077; x_wconf 82' lang='lat' dir='ltr'>Leander</span> 
     </span>
     <span class='ocr_line' id='line_1_16' title="bbox 174 2111 1374 2200; baseline 0.003 -17"><span class='ocrx_word' id='word_1_128' title='bbox 174 2117 308 2194; x_wconf 78' lang='lat' dir='ltr'>tituluS,</span> <span class='ocrx_word' id='word_1_129' title='bbox 325 2130 465 2181; x_wconf 90' lang='lat' dir='ltr'>carmen</span> <span class='ocrx_word' id='word_1_130' title='bbox 494 2111 640 2179; x_wconf 90' lang='lat' dir='ltr'>latinum</span> <span class='ocrx_word' id='word_1_131' title='bbox 670 2130 689 2176; x_wconf 93' lang='lat' dir='ltr'>a</span> <span class='ocrx_word' id='word_1_132' title='bbox 717 2112 880 2179; x_wconf 89' lang='lat' dir='ltr'>Marlovio</span> <span class='ocrx_word' id='word_1_133' title='bbox 898 2111 1133 2200; x_wconf 82' lang='lat' dir='ltr'>obsignatum.</span> <span class='ocrx_word' id='word_1_134' title='bbox 1161 2117 1233 2183; x_wconf 92' lang='lat' dir='ltr'>Hoc</span> <span class='ocrx_word' id='word_1_135' title='bbox 1251 2131 1374 2187; x_wconf 75' lang='lat' dir='ltr'>carmeli</span> 
     </span>
     <span class='ocr_line' id='line_1_17' title="bbox 175 2217 1374 2309; baseline -0.003 -21"><span class='ocrx_word' id='word_1_136' title='bbox 175 2221 390 2308; x_wconf 89' lang='lat' dir='ltr'>epitaphium</span> <span class='ocrx_word' id='word_1_137' title='bbox 405 2222 479 2286; x_wconf 88' lang='lat' dir='ltr'>erat</span> <span class='ocrx_word' id='word_1_138' title='bbox 497 2219 562 2285; x_wconf 93' lang='lat' dir='ltr'>viri</span> <span class='ocrx_word' id='word_1_139' title='bbox 586 2218 713 2285; x_wconf 89' lang='lat' dir='ltr'>nobilis</span> <span class='ocrx_word' id='word_1_140' title='bbox 732 2219 874 2285; x_wconf 84' lang='lat' dir='ltr'>Kentico</span> <span class='ocrx_word' id='word_1_141' title='bbox 897 2220 1062 2287; x_wconf 88' lang='lat' dir='ltr'>comitatu</span> <span class='ocrx_word' id='word_1_142' title='bbox 1087 2222 1154 2289; x_wconf 89' lang='lat' dir='ltr'>orti</span> <span class='ocrx_word' id='word_1_143' title='bbox 1173 2223 1234 2309; x_wconf 90' lang='lat' dir='ltr'>qui</span> <span class='ocrx_word' id='word_1_144' title='bbox 1263 2217 1374 2288; x_wconf 77' lang='lat' dir='ltr'>«chief</span> 
     </span>
     <span class='ocr_line' id='line_1_18' title="bbox 175 2325 1369 2410; baseline -0.003 -13"><span class='ocrx_word' id='word_1_145' title='bbox 175 2332 288 2398; x_wconf 90' lang='lat' dir='ltr'>Baron</span> <span class='ocrx_word' id='word_1_146' title='bbox 317 2327 355 2395; x_wconf 85' lang='lat' dir='ltr'>ol</span> <span class='ocrx_word' id='word_1_147' title='bbox 379 2327 436 2394; x_wconf 88' lang='lat' dir='ltr'>the</span> <span class='ocrx_word' id='word_1_148' title='bbox 470 2326 671 2410; x_wconf 86' lang='lat' dir='ltr'>Exchequer</span> <span class='ocrx_word' id='word_1_149' title='bbox 700 2352 714 2386; x_wconf 74' lang='lat' dir='ltr'>s</span> <span class='ocrx_word' id='word_1_150' title='bbox 755 2325 870 2392; x_wconf 83' lang='lat' dir='ltr'>luerit.</span> <span class='ocrx_word' id='word_1_151' title='bbox 902 2327 1109 2395; x_wconf 79' lang='lat' dir='ltr'>Existimant</span> <span class='ocrx_word' id='word_1_152' title='bbox 1145 2330 1239 2397; x_wconf 92' lang='lat' dir='ltr'>hunc</span> <span class='ocrx_word' id='word_1_153' title='bbox 1261 2329 1369 2403; x_wconf 84' lang='lat' dir='ltr'>virum,</span> 
     </span>
     <span class='ocr_line' id='line_1_19' title="bbox 176 2434 1372 2520; baseline -0.003 -17"><span class='ocrx_word' id='word_1_154' title='bbox 176 2436 316 2503; x_wconf 92' lang='lat' dir='ltr'>nomine</span> <span class='ocrx_word' id='word_1_155' title='bbox 344 2436 400 2501; x_wconf 84' lang='lat' dir='ltr'>sr&#39;r</span> <span class='ocrx_word' id='word_1_156' title='bbox 423 2437 545 2520; x_wconf 81' lang='lat' dir='ltr'>Royer</span> <span class='ocrx_word' id='word_1_157' title='bbox 572 2434 777 2511; x_wconf 84' lang='lat' dir='ltr'>Monrocod,</span> <span class='ocrx_word' id='word_1_158' title='bbox 807 2434 867 2518; x_wconf 89' lang='lat' dir='ltr'>qui</span> <span class='ocrx_word' id='word_1_159' title='bbox 890 2453 980 2500; x_wconf 89' lang='lat' dir='ltr'>anno</span> <span class='ocrx_word' id='word_1_160' title='bbox 1008 2436 1046 2500; x_wconf 91' lang='lat' dir='ltr'>P.</span> <span class='ocrx_word' id='word_1_161' title='bbox 1072 2437 1108 2502; x_wconf 91' lang='grc'>(1.</span> <span class='ocrx_word' id='word_1_162' title='bbox 1134 2438 1175 2502; x_wconf 90' lang='lat' dir='ltr'>N.</span> <span class='ocrx_word' id='word_1_163' title='bbox 1205 2436 1372 2502; x_wconf 90' lang='lat' dir='ltr'>millesimo</span> 
     </span>
     <span class='ocr_line' id='line_1_20' title="bbox 138 2540 1371 2630; baseline -0.002 -21"><span class='ocrx_word' id='word_1_164' title='bbox 138 2614 142 2621; x_wconf 65' lang='grc'><strong>,</strong></span> <span class='ocrx_word' id='word_1_165' title='bbox 177 2543 457 2630; x_wconf 84' lang='lat' dir='ltr'>quingentesimo</span> <span class='ocrx_word' id='word_1_166' title='bbox 485 2541 711 2626; x_wconf 83' lang='lat' dir='ltr'>nonagesimo</span> <span class='ocrx_word' id='word_1_167' title='bbox 747 2541 896 2607; x_wconf 90' lang='lat' dir='ltr'>secundo</span> <span class='ocrx_word' id='word_1_168' title='bbox 934 2540 1048 2630; x_wconf 70' lang='lat'>(1592)</span> <span class='ocrx_word' id='word_1_169' title='bbox 1081 2547 1242 2610; x_wconf 87' lang='lat' dir='ltr'>mortuus</span> <span class='ocrx_word' id='word_1_170' title='bbox 1274 2542 1371 2618; x_wconf 86' lang='lat' dir='ltr'>fuerit,</span> 
     </span>
     <span class='ocr_line' id='line_1_21' title="bbox 177 2648 1373 2738; baseline -0.003 -22"><span class='ocrx_word' id='word_1_171' title='bbox 177 2667 384 2738; x_wconf 81' lang='lat' dir='ltr'>generosum</span> <span class='ocrx_word' id='word_1_172' title='bbox 399 2648 506 2714; x_wconf 84' lang='lat' dir='ltr'>luisse</span> <span class='ocrx_word' id='word_1_173' title='bbox 522 2652 705 2734; x_wconf 89' lang='lat' dir='ltr'>patronum</span> <span class='ocrx_word' id='word_1_174' title='bbox 716 2648 815 2734; x_wconf 88' lang='lat' dir='ltr'>cujus</span> <span class='ocrx_word' id='word_1_175' title='bbox 830 2649 1027 2734; x_wconf 89' lang='lat' dir='ltr'>sumptibus</span> <span class='ocrx_word' id='word_1_176' title='bbox 1041 2651 1228 2718; x_wconf 90' lang='lat' dir='ltr'>Marlovius</span> <span class='ocrx_word' id='word_1_177' title='bbox 1243 2652 1373 2738; x_wconf 82' lang='lat' dir='ltr'>ingenue</span> 
     </span>
     <span class='ocr_line' id='line_1_22' title="bbox 178 2755 1375 2843; baseline -0.005 -17"><span class='ocrx_word' id='word_1_178' title='bbox 178 2759 344 2826; x_wconf 87' lang='lat' dir='ltr'>educatus</span> <span class='ocrx_word' id='word_1_179' title='bbox 359 2756 475 2823; x_wconf 84' lang='lat' dir='ltr'>luerit.</span> <span class='ocrx_word' id='word_1_180' title='bbox 493 2757 558 2822; x_wconf 86' lang='lat' dir='ltr'>Res</span> <span class='ocrx_word' id='word_1_181' title='bbox 575 2775 613 2822; x_wconf 94' lang='lat' dir='ltr'>eo</span> <span class='ocrx_word' id='word_1_182' title='bbox 629 2755 853 2823; x_wconf 86' lang='lat' dir='ltr'>verisimilior</span> <span class='ocrx_word' id='word_1_183' title='bbox 872 2761 923 2823; x_wconf 91' lang='lat' dir='ltr'>est</span> <span class='ocrx_word' id='word_1_184' title='bbox 943 2758 1035 2842; x_wconf 89' lang='lat' dir='ltr'>quod</span> <span class='ocrx_word' id='word_1_185' title='bbox 1055 2757 1130 2843; x_wconf 88' lang='lat' dir='ltr'>ejus</span> <span class='ocrx_word' id='word_1_186' title='bbox 1154 2757 1249 2825; x_wconf 85' lang='lat' dir='ltr'>lilius</span> <span class='ocrx_word' id='word_1_187' title='bbox 1272 2760 1375 2824; x_wconf 91' lang='lat' dir='ltr'>Petrus</span> 
     </span>
     <span class='ocr_line' id='line_1_23' title="bbox 179 2861 1377 2954; baseline -0.003 -23"><span class='ocrx_word' id='word_1_188' title='bbox 179 2868 212 2932; x_wconf 91' lang='lat' dir='ltr'>et</span> <span class='ocrx_word' id='word_1_189' title='bbox 231 2864 323 2929; x_wconf 89' lang='lat' dir='ltr'>Petri</span> <span class='ocrx_word' id='word_1_190' title='bbox 347 2882 453 2950; x_wconf 84' lang='lat' dir='ltr'>gener</span> <span class='ocrx_word' id='word_1_191' title='bbox 480 2861 548 2949; x_wconf 84' lang='lat' dir='ltr'>(Sir</span> <span class='ocrx_word' id='word_1_192' title='bbox 570 2863 717 2929; x_wconf 90' lang='lat' dir='ltr'>Thomas</span> <span class='ocrx_word' id='word_1_193' title='bbox 732 2864 973 2950; x_wconf 82' lang='lat' dir='ltr'>Walsingham</span> <span class='ocrx_word' id='word_1_194' title='bbox 998 2863 1035 2930; x_wconf 87' lang='lat' dir='ltr'>oi</span> <span class='ocrx_word' id='word_1_195' title='bbox 1056 2864 1298 2954; x_wconf 81' lang='lat' dir='ltr'>Chiselhurst),</span> <span class='ocrx_word' id='word_1_196' title='bbox 1318 2881 1377 2950; x_wconf 93' lang='lat' dir='ltr'>pos·</span> 
     </span>
     <span class='ocr_line' id='line_1_24' title="bbox 179 2969 1377 3058; baseline -0.003 -21"><span class='ocrx_word' id='word_1_197' title='bbox 179 2970 285 3037; x_wconf 91' lang='lat' dir='ltr'>terior</span> <span class='ocrx_word' id='word_1_198' title='bbox 311 2970 495 3055; x_wconf 88' lang='lat' dir='ltr'>praecipue,</span> <span class='ocrx_word' id='word_1_199' title='bbox 520 2970 681 3036; x_wconf 88' lang='lat' dir='ltr'>videntur</span> <span class='ocrx_word' id='word_1_200' title='bbox 707 2975 815 3054; x_wconf 89' lang='lat' dir='ltr'>poetae</span> <span class='ocrx_word' id='word_1_201' title='bbox 839 2970 989 3037; x_wconf 83' lang='lat' dir='ltr'>fautores</span> <span class='ocrx_word' id='word_1_202' title='bbox 1018 2970 1138 3050; x_wconf 86' lang='lat' dir='ltr'>fuisse,</span> <span class='ocrx_word' id='word_1_203' title='bbox 1165 2991 1275 3058; x_wconf 87' lang='lat' dir='ltr'>quum</span> <span class='ocrx_word' id='word_1_204' title='bbox 1298 2972 1326 3036; x_wconf 91' lang='lat' dir='ltr'>is</span> <span class='ocrx_word' id='word_1_205' title='bbox 1349 2969 1377 3034; x_wconf 93' lang='lat' dir='ltr'>in</span> 
     </span>
     <span class='ocr_line' id='line_1_25' title="bbox 180 3076 1377 3162; baseline -0.001 -18"><span class='ocrx_word' id='word_1_206' title='bbox 180 3076 339 3144; x_wconf 89' lang='lat' dir='ltr'>notitiam</span> <span class='ocrx_word' id='word_1_207' title='bbox 363 3077 568 3162; x_wconf 89' lang='lat' dir='ltr'>pervenerit,</span> <span class='ocrx_word' id='word_1_208' title='bbox 596 3077 696 3161; x_wconf 89' lang='lat' dir='ltr'>eique</span> <span class='ocrx_word' id='word_1_209' title='bbox 719 3077 912 3143; x_wconf 87' lang='lat' dir='ltr'>maximum</span> <span class='ocrx_word' id='word_1_210' title='bbox 933 3079 1102 3145; x_wconf 85' lang='lat' dir='ltr'>auxilium</span> <span class='ocrx_word' id='word_1_211' title='bbox 1123 3080 1258 3146; x_wconf 87' lang='lat' dir='ltr'>tulisse.</span> <span class='ocrx_word' id='word_1_212' title='bbox 1284 3079 1377 3160; x_wconf 85' lang='lat' dir='ltr'>Chap-</span> 
     </span>
     <span class='ocr_line' id='line_1_26' title="bbox 180 3184 1379 3269; baseline -0.003 -19"><span class='ocrx_word' id='word_1_213' title='bbox 180 3203 305 3250; x_wconf 92' lang='lat' dir='ltr'>manus</span> <span class='ocrx_word' id='word_1_214' title='bbox 338 3184 398 3269; x_wconf 89' lang='lat' dir='ltr'>qui</span> <span class='ocrx_word' id='word_1_215' title='bbox 431 3184 587 3250; x_wconf 89' lang='lat' dir='ltr'>llarlovii</span> <span class='ocrx_word' id='word_1_216' title='bbox 616 3202 736 3269; x_wconf 91' lang='lat' dir='ltr'>poema</span> <span class='ocrx_word' id='word_1_217' title='bbox 764 3185 819 3251; x_wconf 90' lang='lat' dir='ltr'>cui</span> <span class='ocrx_word' id='word_1_218' title='bbox 843 3185 965 3252; x_wconf 86' lang='lat' dir='ltr'>titulus</span> <span class='ocrx_word' id='word_1_219' title='bbox 993 3188 1097 3265; x_wconf 25' lang='lat' dir='ltr'>Hero,</span> <span class='ocrx_word' id='word_1_220' title='bbox 1119 3188 1197 3253; x_wconf 83' lang='lat' dir='ltr'>arrd</span> <span class='ocrx_word' id='word_1_221' title='bbox 1225 3184 1379 3253; x_wconf 80' lang='lat' dir='ltr'>Leander</span> 
     </span>
     <span class='ocr_line' id='line_1_27' title="bbox 180 3290 1379 3386; baseline -0.004 -28"><span class='ocrx_word' id='word_1_222' title='bbox 180 3291 323 3378; x_wconf 84' lang='lat' dir='ltr'>perfecit</span> <span class='ocrx_word' id='word_1_223' title='bbox 351 3296 385 3357; x_wconf 86' lang='lat' dir='ltr'>et</span> <span class='ocrx_word' id='word_1_224' title='bbox 412 3291 552 3357; x_wconf 87' lang='lat' dir='ltr'>Thomae</span> <span class='ocrx_word' id='word_1_225' title='bbox 576 3292 840 3378; x_wconf 77' lang='lat' dir='ltr'>Walsiughamo</span> <span class='ocrx_word' id='word_1_226' title='bbox 863 3292 1045 3386; x_wconf 89' lang='lat' dir='ltr'>dedicavit,</span> <span class='ocrx_word' id='word_1_227' title='bbox 1077 3293 1158 3359; x_wconf 91' lang='lat' dir='ltr'>huic</span> <span class='ocrx_word' id='word_1_228' title='bbox 1185 3292 1292 3359; x_wconf 91' lang='lat' dir='ltr'>nobili</span> <span class='ocrx_word' id='word_1_229' title='bbox 1319 3290 1379 3358; x_wconf 93' lang='lat' dir='ltr'>viro</span> 
     </span>
     <span class='ocr_line' id='line_1_28' title="bbox 181 3397 1299 3484; baseline -0.001 -18"><span class='ocrx_word' id='word_1_230' title='bbox 181 3399 300 3466; x_wconf 92' lang='lat' dir='ltr'>laudes</span> <span class='ocrx_word' id='word_1_231' title='bbox 315 3397 448 3478; x_wconf 89' lang='lat' dir='ltr'>tribuit,</span> <span class='ocrx_word' id='word_1_232' title='bbox 467 3400 557 3484; x_wconf 85' lang='lat' dir='ltr'>quod</span> <span class='ocrx_word' id='word_1_233' title='bbox 569 3399 772 3465; x_wconf 88' lang='lat' dir='ltr'>Marlovium</span> <span class='ocrx_word' id='word_1_234' title='bbox 787 3399 905 3465; x_wconf 86' lang='lat' dir='ltr'>viuum</span> <span class='ocrx_word' id='word_1_235' title='bbox 922 3400 1098 3467; x_wconf 82' lang='lat' dir='ltr'>beneficiis</span> <span class='ocrx_word' id='word_1_236' title='bbox 1113 3401 1299 3467; x_wconf 88' lang='lat' dir='ltr'>ornaverit.</span> 
     </span>
    </p>
   </div>
   <div class='ocr_carea' id='block_1_4' title="bbox 182 3563 1383 3845">
    <p class='ocr_par' dir='ltr' id='par_1_4' title="bbox 182 3563 1383 3845">
     <span class='ocr_line' id='line_1_29' title="bbox 223 3563 1381 3648; baseline -0.004 -18"><span class='ocrx_word' id='word_1_237' title='bbox 223 3567 401 3648; x_wconf 82' lang='lat' dir='ltr'>(Knowing</span> <span class='ocrx_word' id='word_1_238' title='bbox 415 3566 527 3628; x_wconf 86' lang='lat' dir='ltr'>thatin</span> <span class='ocrx_word' id='word_1_239' title='bbox 544 3566 595 3627; x_wconf 90' lang='lat' dir='ltr'>his</span> <span class='ocrx_word' id='word_1_240' title='bbox 611 3563 739 3628; x_wconf 89' lang='lat' dir='ltr'>lifetime</span> <span class='ocrx_word' id='word_1_241' title='bbox 763 3586 824 3646; x_wconf 90' lang='lat' dir='ltr'>you</span> <span class='ocrx_word' id='word_1_242' title='bbox 848 3567 1009 3630; x_wconf 88' lang='lat' dir='ltr'>bestowed</span> <span class='ocrx_word' id='word_1_243' title='bbox 1033 3589 1129 3648; x_wconf 86' lang='lat' dir='ltr'>many</span> <span class='ocrx_word' id='word_1_244' title='bbox 1152 3567 1229 3630; x_wconf 90' lang='lat' dir='ltr'>kind</span> <span class='ocrx_word' id='word_1_245' title='bbox 1254 3567 1381 3638; x_wconf 89' lang='lat' dir='ltr'>favours,</span> 
     </span>
     <span class='ocr_line' id='line_1_30' title="bbox 183 3664 1383 3748; baseline -0.003 -20"><span class='ocrx_word' id='word_1_246' title='bbox 183 3666 399 3746; x_wconf 82' lang='lat' dir='ltr'>entertaining</span> <span class='ocrx_word' id='word_1_247' title='bbox 414 3674 501 3745; x_wconf 91' lang='lat' dir='ltr'>parts</span> <span class='ocrx_word' id='word_1_248' title='bbox 517 3664 551 3726; x_wconf 81' lang='lat' dir='ltr'>ol</span> <span class='ocrx_word' id='word_1_249' title='bbox 563 3666 739 3746; x_wconf 86' lang='lat' dir='ltr'>reclrouing</span> <span class='ocrx_word' id='word_1_250' title='bbox 754 3667 814 3727; x_wconf 89' lang='lat' dir='ltr'>and</span> <span class='ocrx_word' id='word_1_251' title='bbox 829 3669 932 3728; x_wconf 88' lang='lat' dir='ltr'>worth</span> <span class='ocrx_word' id='word_1_252' title='bbox 946 3668 1053 3729; x_wconf 88' lang='lat' dir='ltr'>which</span> <span class='ocrx_word' id='word_1_253' title='bbox 1067 3687 1130 3748; x_wconf 88' lang='lat' dir='ltr'>you</span> <span class='ocrx_word' id='word_1_254' title='bbox 1151 3667 1251 3730; x_wconf 86' lang='lat' dir='ltr'>found</span> <span class='ocrx_word' id='word_1_255' title='bbox 1274 3668 1306 3728; x_wconf 91' lang='lat' dir='ltr'>in</span> <span class='ocrx_word' id='word_1_256' title='bbox 1328 3665 1383 3727; x_wconf 89' lang='lat' dir='ltr'>him</span> 
     </span>
     <span class='ocr_line' id='line_1_31' title="bbox 182 3762 1002 3845; baseline 0 -18"><span class='ocrx_word' id='word_1_257' title='bbox 182 3766 259 3828; x_wconf 88' lang='lat' dir='ltr'>with</span> <span class='ocrx_word' id='word_1_258' title='bbox 274 3762 357 3844; x_wconf 90' lang='lat' dir='ltr'>good</span> <span class='ocrx_word' id='word_1_259' title='bbox 372 3773 591 3826; x_wconf 90' lang='lat' dir='ltr'>countenance</span> <span class='ocrx_word' id='word_1_260' title='bbox 606 3763 669 3826; x_wconf 92' lang='lat' dir='ltr'>and</span> <span class='ocrx_word' id='word_1_261' title='bbox 684 3764 792 3826; x_wconf 90' lang='lat' dir='ltr'>liberal</span> <span class='ocrx_word' id='word_1_262' title='bbox 808 3763 978 3845; x_wconf 85' lang='lat' dir='ltr'>affection).</span> <span class='ocrx_word' id='word_1_263' title='bbox 991 3762 1002 3798; x_wconf 82' lang='lat'><strong>²</strong></span> 
     </span>
    </p>
   </div>
   <div class='ocr_carea' id='block_1_5' title="bbox 184 4011 1390 4562">
    <p class='ocr_par' dir='ltr' id='par_1_5' title="bbox 184 4011 1390 4482">
     <span class='ocr_line' id='line_1_32' title="bbox 214 4011 1387 4080; baseline -0.003 -17"><span class='ocrx_word' id='word_1_264' title='bbox 214 4015 224 4048; x_wconf 87' lang='lat'><strong>¹</strong></span> <span class='ocrx_word' id='word_1_265' title='bbox 241 4034 251 4054; x_wconf 87' lang='lat'>«</span> <span class='ocrx_word' id='word_1_266' title='bbox 269 4012 314 4076; x_wconf 83' lang='lat' dir='ltr'>My</span> <span class='ocrx_word' id='word_1_267' title='bbox 330 4011 545 4076; x_wconf 88' lang='lat' dir='ltr'>correspondent</span> <span class='ocrx_word' id='word_1_268' title='bbox 560 4015 589 4062; x_wconf 87' lang='lat' dir='ltr'>at</span> <span class='ocrx_word' id='word_1_269' title='bbox 601 4012 763 4078; x_wconf 83' lang='lat' dir='ltr'>Cambridge</span> <span class='ocrx_word' id='word_1_270' title='bbox 785 4014 912 4068; x_wconf 85' lang='lat' dir='ltr'>observes</span> <span class='ocrx_word' id='word_1_271' title='bbox 932 4034 938 4065; x_wconf 88' lang='lat'>:</span> <span class='ocrx_word' id='word_1_272' title='bbox 960 4015 1042 4066; x_wconf 81' lang='lat' dir='ltr'>«The</span> <span class='ocrx_word' id='word_1_273' title='bbox 1052 4015 1211 4080; x_wconf 89' lang='lat' dir='ltr'>University</span> <span class='ocrx_word' id='word_1_274' title='bbox 1222 4015 1307 4066; x_wconf 86' lang='lat' dir='ltr'>books</span> <span class='ocrx_word' id='word_1_275' title='bbox 1321 4015 1387 4064; x_wconf 83' lang='lat' dir='ltr'>enter</span> 
     </span>
     <span class='ocr_line' id='line_1_33' title="bbox 184 4092 1387 4162; baseline -0.003 -18"><span class='ocrx_word' id='word_1_276' title='bbox 184 4094 250 4144; x_wconf 91' lang='lat' dir='ltr'>both</span> <span class='ocrx_word' id='word_1_277' title='bbox 261 4092 307 4144; x_wconf 86' lang='lat' dir='ltr'>the</span> <span class='ocrx_word' id='word_1_278' title='bbox 322 4092 459 4144; x_wconf 86' lang='lat' dir='ltr'>Christian</span> <span class='ocrx_word' id='word_1_279' title='bbox 471 4105 552 4142; x_wconf 90' lang='lat' dir='ltr'>name</span> <span class='ocrx_word' id='word_1_280' title='bbox 566 4094 622 4143; x_wconf 90' lang='lat' dir='ltr'>and</span> <span class='ocrx_word' id='word_1_281' title='bbox 632 4094 679 4144; x_wconf 92' lang='lat' dir='ltr'>the</span> <span class='ocrx_word' id='word_1_282' title='bbox 690 4107 820 4145; x_wconf 86' lang='lat' dir='ltr'>surname</span> <span class='ocrx_word' id='word_1_283' title='bbox 835 4096 863 4144; x_wconf 94' lang='lat' dir='ltr'>in</span> <span class='ocrx_word' id='word_1_284' title='bbox 877 4096 913 4146; x_wconf 93' lang='lat' dir='ltr'>all</span> <span class='ocrx_word' id='word_1_285' title='bbox 928 4109 1004 4146; x_wconf 90' lang='lat' dir='ltr'>cases</span> <span class='ocrx_word' id='word_1_286' title='bbox 1021 4094 1049 4162; x_wconf 89' lang='lat'>[.]</span> <span class='ocrx_word' id='word_1_287' title='bbox 1062 4113 1068 4157; x_wconf 90' lang='grc'>;</span> <span class='ocrx_word' id='word_1_288' title='bbox 1082 4095 1129 4146; x_wconf 90' lang='lat' dir='ltr'>the</span> <span class='ocrx_word' id='word_1_289' title='bbox 1144 4097 1227 4147; x_wconf 86' lang='lat' dir='ltr'>Benet</span> <span class='ocrx_word' id='word_1_290' title='bbox 1239 4096 1324 4147; x_wconf 88' lang='lat' dir='ltr'>Books</span> <span class='ocrx_word' id='word_1_291' title='bbox 1333 4092 1387 4155; x_wconf 86' lang='lat' dir='ltr'>only</span> 
     </span>
     <span class='ocr_line' id='line_1_34' title="bbox 184 4172 1389 4240; baseline -0.002 -17"><span class='ocrx_word' id='word_1_292' title='bbox 184 4174 213 4223; x_wconf 93' lang='lat' dir='ltr'>in</span> <span class='ocrx_word' id='word_1_293' title='bbox 226 4174 272 4225; x_wconf 83' lang='lat' dir='ltr'>the</span> <span class='ocrx_word' id='word_1_294' title='bbox 287 4186 348 4224; x_wconf 87' lang='lat' dir='ltr'>case</span> <span class='ocrx_word' id='word_1_295' title='bbox 358 4173 387 4224; x_wconf 84' lang='lat' dir='ltr'>ot</span> <span class='ocrx_word' id='word_1_296' title='bbox 398 4172 568 4224; x_wconf 85' lang='lat' dir='ltr'>Scholars.lt</span> <span class='ocrx_word' id='word_1_297' title='bbox 583 4174 719 4225; x_wconf 83' lang='lat' dir='ltr'>therefore</span> <span class='ocrx_word' id='word_1_298' title='bbox 732 4187 819 4225; x_wconf 87' lang='lat' dir='ltr'>seems</span> <span class='ocrx_word' id='word_1_299' title='bbox 834 4177 930 4240; x_wconf 88' lang='lat' dir='ltr'>nearly</span> <span class='ocrx_word' id='word_1_300' title='bbox 940 4176 1044 4227; x_wconf 87' lang='lat' dir='ltr'>certain</span> <span class='ocrx_word' id='word_1_301' title='bbox 1053 4176 1113 4226; x_wconf 85' lang='lat' dir='ltr'>that</span> <span class='ocrx_word' id='word_1_302' title='bbox 1123 4176 1251 4227; x_wconf 88' lang='lat' dir='ltr'>Marlowe</span> <span class='ocrx_word' id='word_1_303' title='bbox 1259 4190 1315 4227; x_wconf 90' lang='lat' dir='ltr'>was</span> <span class='ocrx_word' id='word_1_304' title='bbox 1325 4176 1389 4224; x_wconf 85' lang='lat' dir='ltr'>uota</span> 
     </span>
     <span class='ocr_line' id='line_1_35' title="bbox 184 4249 1390 4321; baseline -0.002 -18"><span class='ocrx_word' id='word_1_305' title='bbox 184 4255 354 4305; x_wconf 82' lang='lat' dir='ltr'>Fouodatr&#39;on</span> <span class='ocrx_word' id='word_1_306' title='bbox 363 4253 488 4305; x_wconf 84' lang='lat' dir='ltr'>Scholor.</span> <span class='ocrx_word' id='word_1_307' title='bbox 504 4253 569 4317; x_wconf 75' lang='lat' dir='ltr'>(The</span> <span class='ocrx_word' id='word_1_308' title='bbox 583 4254 688 4316; x_wconf 88' lang='lat' dir='ltr'>Works‚</span> <span class='ocrx_word' id='word_1_309' title='bbox 702 4255 731 4306; x_wconf 91' lang='lat' dir='ltr'>ol</span> <span class='ocrx_word' id='word_1_310' title='bbox 743 4255 920 4321; x_wconf 84' lang='lat' dir='ltr'>Christopher</span> <span class='ocrx_word' id='word_1_311' title='bbox 930 4257 1056 4307; x_wconf 88' lang='lat' dir='ltr'>Marlowe</span> <span class='ocrx_word' id='word_1_312' title='bbox 1067 4273 1073 4306; x_wconf 92' lang='lat'>:</span> <span class='ocrx_word' id='word_1_313' title='bbox 1084 4257 1150 4307; x_wconf 92' lang='lat' dir='ltr'>with</span> <span class='ocrx_word' id='word_1_314' title='bbox 1161 4258 1358 4308; x_wconf 88' lang='lat' dir='ltr'>someaccount</span> <span class='ocrx_word' id='word_1_315' title='bbox 1367 4249 1390 4302; x_wconf 92' lang='lat' dir='ltr'>oi</span> 
     </span>
     <span class='ocr_line' id='line_1_36' title="bbox 185 4330 1389 4401; baseline -0.002 -18"><span class='ocrx_word' id='word_1_316' title='bbox 185 4333 231 4384; x_wconf 85' lang='lat' dir='ltr'>the</span> <span class='ocrx_word' id='word_1_317' title='bbox 243 4334 351 4396; x_wconf 86' lang='lat' dir='ltr'>author,</span> <span class='ocrx_word' id='word_1_318' title='bbox 368 4334 422 4385; x_wconf 89' lang='lat' dir='ltr'>and</span> <span class='ocrx_word' id='word_1_319' title='bbox 438 4338 523 4396; x_wconf 90' lang='lat' dir='ltr'>notes,</span> <span class='ocrx_word' id='word_1_320' title='bbox 540 4334 636 4398; x_wconf 87' lang='lat' dir='ltr'>hythe</span> <span class='ocrx_word' id='word_1_321' title='bbox 651 4336 714 4387; x_wconf 86' lang='lat' dir='ltr'>Rev.</span> <span class='ocrx_word' id='word_1_322' title='bbox 730 4336 881 4387; x_wconf 80' lang='lat' dir='ltr'>Alexander</span> <span class='ocrx_word' id='word_1_323' title='bbox 892 4338 971 4401; x_wconf 90' lang='lat' dir='ltr'>Dyce.</span> <span class='ocrx_word' id='word_1_324' title='bbox 989 4339 1082 4388; x_wconf 89' lang='lat' dir='ltr'>Anew</span> <span class='ocrx_word' id='word_1_325' title='bbox 1098 4336 1201 4387; x_wconf 87' lang='lat' dir='ltr'>edition</span> <span class='ocrx_word' id='word_1_326' title='bbox 1216 4337 1323 4388; x_wconf 88' lang='lat' dir='ltr'>revised</span> <span class='ocrx_word' id='word_1_327' title='bbox 1343 4330 1389 4385; x_wconf 88' lang='lat' dir='ltr'>and</span> 
     </span>
     <span class='ocr_line' id='line_1_37' title="bbox 185 4414 1246 4482; baseline 0.002 -18"><span class='ocrx_word' id='word_1_328' title='bbox 185 4414 333 4465; x_wconf 89' lang='lat' dir='ltr'>corrected.</span> <span class='ocrx_word' id='word_1_329' title='bbox 345 4414 466 4476; x_wconf 76' lang='lat' dir='ltr'>london,</span> <span class='ocrx_word' id='word_1_330' title='bbox 481 4415 638 4478; x_wconf 84' lang='lat' dir='ltr'>Routledge,</span> <span class='ocrx_word' id='word_1_331' title='bbox 653 4414 720 4478; x_wconf 81' lang='lat'>1859,</span> <span class='ocrx_word' id='word_1_332' title='bbox 733 4417 745 4466; x_wconf 92' lang='lat' dir='ltr'>l</span> <span class='ocrx_word' id='word_1_333' title='bbox 759 4417 810 4467; x_wconf 89' lang='lat' dir='ltr'>vol.</span> <span class='ocrx_word' id='word_1_334' title='bbox 826 4431 867 4480; x_wconf 81' lang='lat' dir='ltr'>gr.</span> <span class='ocrx_word' id='word_1_335' title='bbox 879 4418 955 4480; x_wconf 82' lang='lat' dir='ltr'>in-80,</span> <span class='ocrx_word' id='word_1_336' title='bbox 969 4432 1013 4482; x_wconf 92' lang='lat' dir='ltr'>pp.</span> <span class='ocrx_word' id='word_1_337' title='bbox 1026 4417 1158 4474; x_wconf 87' lang='lat' dir='ltr'>XII-Xlll,</span> <span class='ocrx_word' id='word_1_338' title='bbox 1174 4421 1246 4468; x_wconf 88' lang='lat' dir='ltr'>note.</span> 
     </span>
    </p>

    <p class='ocr_par' dir='ltr' id='par_1_6' title="bbox 217 4494 1362 4562">
     <span class='ocr_line' id='line_1_38' title="bbox 217 4494 1362 4562; baseline 0.003 -22"><span class='ocrx_word' id='word_1_339' title='bbox 217 4494 244 4562; x_wconf 71' lang='grc' dir='ltr'>Η</span> <span class='ocrx_word' id='word_1_340' title='bbox 255 4512 270 4540; x_wconf 74' lang='lat' dir='ltr'>e</span> <span class='ocrx_word' id='word_1_341' title='bbox 282 4494 311 4544; x_wconf 93' lang='lat' dir='ltr'>l&#39;l</span> <span class='ocrx_word' id='word_1_342' title='bbox 325 4495 390 4546; x_wconf 86' lang='lat' dir='ltr'>Mar.</span> <span class='ocrx_word' id='word_1_343' title='bbox 408 4496 467 4547; x_wconf 83' lang='lat'>1580</span> <span class='ocrx_word' id='word_1_344' title='bbox 478 4495 568 4548; x_wconf 84' lang='lat' dir='ltr'>Chrbl.</span> <span class='ocrx_word' id='word_1_345' title='bbox 581 4495 684 4547; x_wconf 88' lang='lat' dir='ltr'>Marlen</span> <span class='ocrx_word' id='word_1_346' title='bbox 699 4497 854 4548; x_wconf 89' lang='lat' dir='ltr'>Pensioner.</span> <span class='ocrx_word' id='word_1_347' title='bbox 867 4516 882 4543; x_wconf 76' lang='lat' dir='ltr'>s</span> <span class='ocrx_word' id='word_1_348' title='bbox 896 4497 1056 4560; x_wconf 80' lang='lat' dir='ltr'>Gambridpe</span> <span class='ocrx_word' id='word_1_349' title='bbox 1067 4497 1362 4548; x_wconf 79' lang='lat' dir='ltr'>Matriculctr&#39;on-Boolr.</span> 
     </span>
    </p>
   </div>
   <div class='ocr_carea' id='block_1_6' title="bbox 186 4584 1391 4734">
    <p class='ocr_par' dir='ltr' id='par_1_7' title="bbox 186 4584 1391 4734">
     <span class='ocr_line' id='line_1_39' title="bbox 217 4584 1391 4652; baseline -0.002 -17"><span class='ocrx_word' id='word_1_350' title='bbox 217 4585 310 4636; x_wconf 87' lang='lat' dir='ltr'>²Hero</span> <span class='ocrx_word' id='word_1_351' title='bbox 329 4585 383 4637; x_wconf 85' lang='lat' dir='ltr'>and</span> <span class='ocrx_word' id='word_1_352' title='bbox 401 4587 532 4639; x_wconf 89' lang='lat' dir='ltr'>Leander.</span> <span class='ocrx_word' id='word_1_353' title='bbox 548 4587 706 4638; x_wconf 85' lang='lat' dir='ltr'>Dedication</span> <span class='ocrx_word' id='word_1_354' title='bbox 723 4591 750 4638; x_wconf 90' lang='lat' dir='ltr'>to</span> <span class='ocrx_word' id='word_1_355' title='bbox 768 4587 815 4637; x_wconf 89' lang='lat' dir='ltr'>the</span> <span class='ocrx_word' id='word_1_356' title='bbox 832 4587 1077 4652; x_wconf 82' lang='lat' dir='ltr'>right-worshiplul</span> <span class='ocrx_word' id='word_1_357' title='bbox 1089 4587 1129 4637; x_wconf 91' lang='lat' dir='ltr'>sir</span> <span class='ocrx_word' id='word_1_358' title='bbox 1145 4585 1264 4638; x_wconf 79' lang='lat' dir='ltr'>Thomas</span> <span class='ocrx_word' id='word_1_359' title='bbox 1282 4584 1391 4641; x_wconf 89' lang='lat' dir='ltr'>Walsin·</span> 
     </span>
     <span class='ocr_line' id='line_1_40' title="bbox 186 4665 1072 4734; baseline 0.001 -18"><span class='ocrx_word' id='word_1_360' title='bbox 186 4665 279 4730; x_wconf 80' lang='lat' dir='ltr'>gham,</span> <span class='ocrx_word' id='word_1_361' title='bbox 292 4665 400 4730; x_wconf 84' lang='lat' dir='ltr'>knight,</span> <span class='ocrx_word' id='word_1_362' title='bbox 412 4667 450 4732; x_wconf 93' lang='lat' dir='ltr'>by</span> <span class='ocrx_word' id='word_1_363' title='bbox 459 4668 573 4719; x_wconf 88' lang='lat' dir='ltr'>Edward</span> <span class='ocrx_word' id='word_1_364' title='bbox 588 4667 678 4718; x_wconf 77' lang='lat' dir='ltr'>blunt.</span> <span class='ocrx_word' id='word_1_365' title='bbox 692 4668 743 4718; x_wconf 81' lang='lat' dir='ltr'>Ed.</span> <span class='ocrx_word' id='word_1_366' title='bbox 760 4668 869 4718; x_wconf 79' lang='lat' dir='ltr'>Balteo.</span> <span class='ocrx_word' id='word_1_367' title='bbox 884 4669 936 4719; x_wconf 91' lang='lat' dir='ltr'>vol.</span> <span class='ocrx_word' id='word_1_368' title='bbox 954 4669 993 4731; x_wconf 92' lang='grc'>111,</span> <span class='ocrx_word' id='word_1_369' title='bbox 1007 4681 1034 4734; x_wconf 92' lang='lat' dir='ltr'>p.</span> <span class='ocrx_word' id='word_1_370' title='bbox 1048 4669 1072 4718; x_wconf 76' lang='lat'>4.</span> 
     </span>
    </p>
   </div>
   <div class='ocr_carea' id='block_1_7' title="bbox 0 0 1590 5474">
    <p class='ocr_par' dir='ltr' id='par_1_8' title="bbox 0 0 1590 5474">
     <span class='ocr_line' id='line_1_41' title="bbox 0 0 1590 5474; baseline 0 0"><span class='ocrx_word' id='word_1_371' title='bbox 0 0 1590 5474; x_wconf 95' lang='lat' dir='ltr'> </span> 
     </span>
    </p>
   </div>
  </div>
 </body>
</html>
