3120 5474
642 42 864 153 &aos-

162 266 263 335 ricus
287 264 443 352 quintus,
469 281 575 348 quam
599 261 673 329 sine
695 261 801 329 dubio
824 259 976 347 scripsit,
1001 264 1035 328 et
1053 279 1131 346 quae
1150 263 1225 330 acta
1249 261 1326 340 fuit,
1346 263 1384 328 ut

164 374 343 459 opinatur,
364 389 454 438 anno
474 374 513 438 P.
534 371 569 437 G.
591 370 632 436 N.
655 368 842 436 millesimo
860 368 1140 456 quingentesimo
1159 367 1384 458 nonagesimo

165 497 259 547 nono
276 477 412 567 (1599):

342 623 411 683 The
425 619 554 683 world's
569 616 638 681 best
652 619 774 702 garden
789 620 829 681 he
844 618 1006 697 achieved,

289 720 363 782 And
378 718 412 782 ol
423 719 447 780 il
461 717 515 782 left
527 718 578 781 his
594 736 653 780 son
669 718 816 800 imperial
831 716 911 781 lord.

291 820 404 897 Henry
416 817 469 879 the
485 816 583 894 sixth,
599 816 633 877 in
647 814 750 878 iniant
763 816 864 878 bands
878 814 1029 878 crowned
1044 814 1123 897 king

291 915 335 979 Os
346 917 469 978 France
485 914 548 976 and
563 913 723 995 England,
740 914 792 976 did
807 915 870 977 this
885 915 964 995 king
978 913 1111 976 succeed
1128 935 1135 976 :

289 1014 415 1075 Whose
430 1021 510 1075 state
526 1031 562 1074 so
577 1032 674 1092 many
688 1012 750 1074 had
766 1014 818 1074 the
833 1013 1020 1094 managing,

290 1114 372 1174 That
386 1113 460 1191 they
473 1112 536 1173 lost
550 1112 675 1173 Franco
689 1111 752 1173 and
767 1111 859 1173 made
873 1130 933 1172 our
947 1111 1095 1192 England
1108 1109 1209 1190 bleed,

297 1209 419 1271 Which
433 1212 482 1290 oft
497 1230 559 1271 our·
572 1216 665 1291 slope
681 1211 762 1271 tart
775 1211 886 1271 sbewn
894 1231 908 1283 ;
923 1209 1058 1289 andsor·
1075 1208 1159 1272 their
1172 1208 1261 1287 sake,

292 1310 331 1369 In
345 1326 426 1388 your
440 1306 501 1369 fair
514 1307 621 1369 minds
636 1308 678 1369 let
692 1308 756 1369 this
766 1316 953 1389 acceptence
969 1309 1041 1369 take
1056 1305 1078 1366 ¹.
1098 1331 1110 1360 ›

214 1467 240 1532 E
256 1465 391 1533 duobus
406 1466 589 1551 postremis
606 1465 764 1532 versibus
780 1466 844 1533 hoc
865 1465 1025 1533 effectum
1040 1464 1117 1545 fuit,
1135 1466 1179 1544 et,
1197 1465 1235 1531 ut
1250 1461 1383 1550 opinor,

168 1572 246 1659 jure
268 1592 308 1639 ac
331 1573 466 1651 merito,
492 1575 531 1638 ut
555 1555 811 1658 Sbakespearus
833 1573 973 1641 Heurici
998 1572 1083 1639 sexti
1108 1574 1224 1658 partes
1248 1588 1385 1656 compo-

171 1680 294 1747 suerit.
311 1680 521 1765 Scriptorum
537 1683 589 1745 est
604 1682 815 1747 consuetudo
830 1684 868 1746 ut
884 1681 996 1747 solum
1012 1698 1092 1747 suas
1110 1678 1243 1746 fabulas
1257 1678 1385 1745 talibus

169 1789 444 1854 commemorent
463 1786 590 1864 verbm,
615 1805 653 1853 ea
679 1787 772 1852 enim
796 1787 967 1872 praeconia
988 1791 1068 1855 sunt
1087 1787 1207 1872 plusve
1225 1785 1385 1852 minusve

167 1895 401 1962 dissimulata.
419 1895 519 1959 Forte
536 1896 651 1961 tamen
673 1893 719 1959 ita
744 1913 799 1960 res
818 1895 941 1962 incidit
960 1898 998 1962 ut
1020 1894 1215 1961 fabularum
1239 1892 1385 1958 mentio-

167 2021 250 2068 nem
269 2001 389 2068 fecerit
402 2001 563 2086 quamvis
582 2001 644 2067 has
670 2019 738 2068 non
760 2002 967 2086 scripsisset,
994 2002 1178 2071 consilium
1203 2000 1333 2067 habens
1348 2001 1387 2067 ut

166 2113 311 2197 gratum
325 2127 361 2174 se
376 2107 502 2174 faceret
522 2108 669 2174 scenicis
687 2109 747 2193 qui
767 2109 922 2176 dramata
944 2109 1002 2176 illa
1023 2110 1060 2175 in
1083 2126 1222 2176 scenam
1245 2107 1386 2176 induce·
1475 2162 1477 2169 ,

164 2217 262 2283 bant.
275 2215 440 2282 Versibus
451 2215 521 2282 illis
537 2215 720 2282 manifesto
735 2217 928 2283 ostenditur
943 2216 1068 2283 fabulae
1083 2216 1253 2284 Henricus
1269 2217 1387 2282 sextus

163 2323 345 2408 inscriptae
369 2327 448 2390 ante
472 2323 660 2390 Henricum
685 2324 847 2408 quintum
872 2327 956 2391 actae
980 2324 1099 2391 fuisse.
1127 2323 1260 2390 Certius
1284 2341 1386 2409 argu-

163 2434 327 2499 mentum
348 2432 483 2497 adrem
504 2430 547 2498 de
566 2449 633 2515 qua
658 2430 864 2498 disserimus
886 2432 1099 2517 probandam
1116 2431 1303 2498 deductum
1322 2429 1388 2497 tuit

164 2557 208 2606 ex
228 2537 376 2604 ridicula
396 2538 588 2604 imitatione
611 2556 733 2604 versus
760 2557 778 2605 e
801 2538 915 2606 fabula
931 2540 986 2606 cui
1006 2540 1076 2607 Tbe
1097 2539 1191 2605 Truc
1216 2538 1386 2624 Trapedy

165 2646 293 2712 titulus
309 2650 342 2711 et
357 2663 375 2710 e
390 2644 490 2712 tertia
508 2645 646 2712 Henrici
658 2646 744 2712 sexti
755 2650 851 2732 parte
866 2647 1010 2732 sumpti,
1022 2664 1127 2732 quam
1143 2645 1385 2721 imitationem,

168 2770 276 2838 supra
292 2752 436 2818 relatam
453 2749 499 2837 (p.
518 2752 608 2838 197),
626 2753 663 2819 in
680 2753 795 2820 libello
814 2755 846 2821 A
867 2753 1119 2824 Groatswortb
1137 2752 1180 2838 of
1193 2753 1260 2818 wit
1278 2752 1386 2838 leges.

168 2858 207 2926 Id
219 2858 376 2944 proxime
387 2857 549 2925 accedere
558 2858 600 2923 ad
611 2876 733 2924 verum
744 2858 892 2938 videtur,
905 2877 984 2925 eum
996 2858 1055 2944 qui
1067 2857 1223 2925 libellum
1234 2855 1385 2941 scripsit,

168 2984 281 3053 quum
296 2966 571 3050 Shakespearum
588 2965 853 3051 reprehenderet
864 2967 956 3052 quod
967 2965 1157 3054 plagiarius
1168 2965 1269 3042 esset,
1281 2962 1387 3031 verba

169 3073 298 3160 quibus
327 3072 630 3158 reprehensionem
660 3091 760 3140 suam
791 3074 1018 3160 exprimeret,
1048 3091 1089 3140 ex
1118 3090 1187 3140 uno
1215 3071 1387 3138 furtorum

170 3180 400 3264 Shakespeari
416 3180 619 3264 sumpsisse,
637 3183 675 3245 ut
690 3180 785 3247 illius
800 3182 872 3249 vim
891 3185 925 3248 et
939 3183 1028 3248 sales
1047 3181 1200 3267 augeret.
1218 3179 1268 3244 Eo
1285 3176 1388 3244 modo

171 3288 370 3373 explanata,
400 3287 530 3353 mentio
559 3286 618 3353 illa
646 3288 860 3356 demonstrat
887 3289 1161 3374 Shakespearum
1192 3286 1264 3355 The
1293 3288 1389 3354 True

175 3396 347 3482 Trapedy
362 3412 431 3460 non
447 3394 641 3480 scripsisse,
659 3396 719 3461 sed
735 3414 775 3462 ex
790 3414 829 3462 ea
845 3396 960 3463 sabula
980 3395 1121 3463 duxisse
1136 3393 1274 3462 tertiam
1295 3394 1387 3460 Hen-

173 3501 237 3568 rici
257 3501 344 3568 sexti
363 3504 508 3586 partem.
531 3502 654 3569 Contra
674 3503 814 3587 quidem
835 3503 962 3570 dicitur
976 3504 1085 3570 Meros
1100 3504 1112 3544 e
1126 3519 1216 3569 anno
1232 3503 1270 3567 Ρ.
1291 3501 1326 3567 G.
1344 3502 1385 3566 N.

172 3609 359 3675 millesimo
388 3609 668 3696 quingentesimo
692 3612 917 3699 nonagesimo
942 3613 1060 3678 octavo
1086 3606 1216 3698 (1598),
1248 3605 1388 3673 Henrici

173 3716 261 3783 sexti
285 3718 420 3801 partes,
448 3717 518 3784 Tbe
548 3717 765 3787 docleatem
794 3719 897 3786 etiam
927 3722 960 3785 et
991 3719 1061 3786 The
1094 3718 1188 3785 True
1219 3714 1388 3802 Traqedy

173 3823 312 3891 silentio
332 3825 606 3910 praetermisisse.
625 3824 709 3911 Ejus
723 3829 839 3893 autem
863 3826 1041 3893 silentium
1063 3824 1147 3892 oriri
1167 3820 1278 3909 potuit
1292 3839 1333 3888 ex
1348 3838 1387 3888 eo

172 3932 265 4018 quod
281 3932 423 4017 putabat
436 3933 507 4000 haec
522 3951 624 4019 opera
639 3933 819 4001 emendata
832 3936 866 4001 et
879 3935 1057 4019 rescripta,
1070 3932 1304 4016 Shakespearo
1317 3946 1388 3995 non

172 4038 313 4126 propria
331 4057 418 4106 esse.
445 4040 479 4106 Si
504 4041 583 4126 quis
607 4042 749 4127 insuper
769 4042 898 4110 diceret
918 4041 1151 4126 Shakespearo
1167 4055 1236 4105 non
1251 4035 1386 4104 licitum

171 4145 283 4214 fuisse
310 4149 348 4213 ut
376 4147 574 4216 emendaret
602 4149 769 4216 eomodo
797 4148 950 4216 fabulam
978 4166 1056 4235 quse
1084 4165 1146 4214 sua
1178 4162 1247 4212 non
1274 4144 1385 4222 esset,

205 4367 214 4401 ¹
231 4365 296 4416 New
308 4365 461 4432 Shakspere
475 4368 534 4420 Soc.
549 4369 594 4419 Tr.
608 4368 667 4421 Vol.
683 4369 713 4431 11,
729 4368 872 4431 1815-1816,
888 4384 916 4434 p.
932 4368 990 4419 268.

202 4445 215 4482 ²
234 4446 353 4505 Palladis
371 4448 476 4500 remia.
498 4449 571 4503 Wits
590 4450 734 4514 Treasury‚
753 4450 836 4514 being
857 4449 904 4502 the
925 4446 1026 4502 second
1047 4446 1112 4499 Part
1124 4444 1155 4498 ol
1169 4444 1243 4500 Wits
1256 4443 1387 4496 common

170 4525 295 4583 weelth.
307 4526 391 4580 Lond.
408 4528 436 4578 P.
451 4527 540 4592 short,
554 4528 624 4581 1598.
638 4528 669 4582 12
683 4542 737 4581 mo.
