3120 5474
709 401 869 465 -ls-
973 423 977 427 ·

177 573 383 640 Recentiora
416 591 542 660 genera
571 573 758 657 praeoptata
796 571 947 639 fuerunt.
976 572 1023 639 Iis
1047 572 1142 638 enim
1173 572 1233 658 qui
1263 571 1398 640 fabulas

178 680 378 746 scribebant
392 679 523 764 majora
540 680 734 757 commoda,
751 678 988 765 majoremque
1003 679 1179 746 licentiam
1194 679 1334 780 dabant.
1364 707 1366 711 ·

222 787 413 871 Tragoediae
437 786 519 870 ipsi,
548 785 755 851 laboriosius
780 790 912 860 autem,
938 786 1081 869 praelata
1105 785 1256 853 fuerunt.
1280 787 1397 873 Regno

177 893 375 972 Elisabeth,
408 893 538 978 reginae
566 892 786 971 britannice,
826 891 1027 977 incipiente,
1067 893 1225 976 quaedam
1263 892 1397 958 familia

176 999 350 1084 reperitur
384 999 600 1065 eruditorum
631 998 691 1082 qui
730 998 877 1085 vestigia
914 1000 1072 1065 veterum
1107 997 1332 1084 tragicorum,
1364 1000 1398 1064 et

175 1106 316 1172 Senecae
331 1105 539 1189 praesertim,
557 1103 686 1189 trustra
702 1107 830 1183 autem,
848 1104 958 1170 secuti
974 1108 1055 1171 sunt
1068 1109 1102 1171 et
1111 1124 1260 1190 quorum
1272 1104 1398 1171 tabulae

175 1212 212 1277 in
230 1212 307 1278 aula
325 1212 422 1298 regia
437 1213 581 1295 plausus
597 1211 766 1296 quosdam
783 1210 923 1297 fugaces
943 1213 1139 1278 moverunt.
1160 1213 1232 1278 Hoc
1255 1211 1397 1296 quidem

174 1317 375 1384 tabularum
391 1336 502 1405 genus
519 1336 588 1384 non
607 1320 825 1384 recenserat.
842 1318 941 1384 blodo
956 1318 1141 1384 retulimus
1156 1316 1397 1404 hujuscemodi
1476 1308 1487 1315 “

174 1425 335 1491 carmina
360 1423 570 1509 jamdudum
606 1424 643 1490 in
675 1423 843 1512 collegiis,
876 1424 1051 1509 imprimis
1081 1424 1336 1491 Oxoniensibus
1364 1427 1398 1490 et

174 1531 522 1618 Cantabrigiensihus
554 1531 717 1610 Athenis,
750 1534 827 1598 acta
855 1529 974 1600 fuisse.
1007 1530 1118 1616 Hujus
1146 1530 1255 1597 moris
1283 1529 1397 1615 prima

174 1637 309 1704 indicia
324 1637 511 1704 millesimo
526 1635 871 1722 quadringentesimo
893 1638 930 1702 P.
952 1636 989 1700 C.
1015 1636 1043 1700 N
1068 1635 1193 1701 saeculo
1217 1635 1394 1719 apparent.

174 1746 293 1811 AEtate
335 1764 413 1830 quae
451 1744 661 1810 Litterarum
704 1742 892 1809 Renouatio
932 1739 1212 1827 (Rescissooce)
1251 1740 1395 1819 dicitur,

173 1853 332 1919 carmina
371 1854 430 1919 illa
464 1855 501 1921 in
527 1855 693 1921 honorem
726 1854 881 1919 revocata
911 1854 1003 1917 suut.
1042 1851 1190 1919 lacobus
1223 1849 1397 1916 Heivodus

175 1958 308 2045 (James
324 1959 525 2048 Heywood),
543 1961 637 2028 filius
655 1959 730 2046 ejus
749 1959 809 2045 qui
826 1957 1019 2024 lnterludos
1035 1957 1191 2042 scripsit,
1209 1956 1396 2022 millesimo

173 2064 459 2152 quingentesimo
475 2065 765 2153 quinquagesimo
780 2082 871 2131 nono
888 2066 926 2128 Ρ.
943 2064 979 2129 G.
998 2064 1038 2129 N.
1061 2080 1153 2128 anno
1175 2061 1300 2150 (1559),
1322 2061 1395 2147 jam

173 2172 214 2237 in
228 2172 464 2239 britannicum
481 2192 678 2240 sermonem
697 2173 856 2240 Troades
870 2172 1096 2237 converterat.
1118 2172 1219 2237 Anno
1238 2172 1276 2236 P.
1302 2172 1326 2236 C
1353 2171 1394 2237 N.

173 2278 366 2345 millesimo
381 2280 663 2367 quingentesimo
679 2279 894 2365 sexagesimo
919 2274 1032 2364 (1560)
1060 2279 1093 2342 et
1119 2295 1208 2343 anno
1233 2278 1397 2361 sequente

178 2385 360 2470 Thyesteo
390 2390 425 2452 et
450 2390 647 2454 Herculem
674 2386 862 2472 furentem
895 2384 931 2449 in
961 2401 1099 2450 scenam
1128 2383 1279 2450 induxit.
1309 2383 1397 2450 Aliae

173 2493 357 2578 tragoediae
394 2512 542 2577 quarum
577 2493 762 2577 scriptores
799 2491 929 2576 pariter
964 2489 1001 2555 in
1038 2490 1236 2575 exemplum
1264 2493 1396 2556 veteres

173 2602 438 2683 assumpserant
460 2602 520 2666 aut
541 2599 674 2666 tabulas
699 2618 717 2664 e
742 2598 861 2664 latinis
885 2601 918 2664 et
941 2596 1066 2684 graecis
1089 2596 1221 2684 linguis
1246 2598 1395 2663 transtu-

174 2705 290 2770 lerant
310 2707 534 2791 sequentibus
549 2707 650 2773 annis
665 2707 766 2773 editae
781 2708 873 2772 sunt.
891 2705 1022 2771 Eodem
1041 2708 1195 2788 tempore
1219 2703 1396 2768 tentabant

173 2811 237 2877 alii
262 2813 443 2879 annalium
466 2813 659 2898 patriorum
686 2816 807 2879 eventa
838 2811 875 2877 in
903 2813 1037 2877 veteres
1065 2809 1244 2896 tragoediae
1267 2808 1396 2875 formas

172 2919 342 2998 inserere,
369 2923 403 2985 et
426 2939 516 2988 anno
542 2921 727 2987 millesimo
752 2917 1033 3006 quingentesimo
1052 2915 1269 3004 sexagesimo
1284 2915 1396 3000 primo

171 3026 213 3089 Ρ.
233 3027 270 3091 C.
300 3027 341 3092 N.
369 3025 481 3114 (1561)
506 3031 655 3094 stanno
684 3030 868 3112 sequente,
897 3024 1012 3091 sabula
1037 3024 1197 3110 quaedam
1222 3041 1240 3088 a
1266 3022 1395 3088 Thema

171 3132 324 3199 Sacvillo
345 3130 515 3218 (Thomas
533 3134 735 3217 Sochvc'tle)
752 3133 891 3218 scripta,
910 3131 964 3198 cui
983 3150 1110 3198 nomen
1135 3129 1326 3199 Gordobuc
1342 3128 1396 3196 vel

171 3241 322 3306 Ferrato
337 3243 371 3304 et
389 3243 547 3319 Porrerc,
574 3259 721 3326 magnos
745 3239 907 3306 excitavit
927 3239 1082 3323 plausus.
1109 3238 1191 3319 Quae
1210 3235 1397 3322 diligenter

172 3345 220 3412 ad
245 3346 422 3429 exemplar
440 3346 691 3434 tragoediarum
713 3366 734 3418 ,a
759 3348 886 3413 Seneca
911 3345 1182 3429 compositarum
1207 3342 1392 3423 elaborata,

172 3452 327 3536 pessima
339 3456 453 3519 tamen
466 3454 610 3520 omniex
621 3449 1395 3538 parteerat.Sodalitiumveroquoddamultra
1455 3451 1459 3455 ’

172 3557 264 3623 smes
281 3559 368 3625 aulae
384 3560 517 3626 nullam
534 3561 666 3627 hahens
681 3560 934 3640 auctoritatem,
948 3559 1062 3625 solum
1077 3557 1108 3624 ei
1123 3556 1246 3622 tribuit
1261 3555 1393 3634 laudes,

171 3683 263 3750 quas
291 3667 439 3750 populus
465 3667 641 3755 suffragiis
671 3667 744 3734 suis
767 3685 837 3734 non
866 3664 1095 3733 confirmavit.
1121 3661 1295 3729 illecebris
1318 3681 1396 3746 quae

171 3772 438 3856 permulcehant
457 3773 624 3855 eruditos,
642 3774 745 3840 idest
762 3773 855 3840 dulci
873 3775 1030 3839 veterum
1053 3770 1250 3836 litterarum
1275 3786 1396 3853 sapore

171 3895 245 3944 non
260 3878 463 3958 oblectatus,
482 3881 553 3946 sola
570 3880 696 3947 fabulae
719 3879 802 3946 vitia
821 3879 1002 3958 sentiebat,
1028 3879 1061 3943 et
1084 3880 1163 3944 ante
1179 3875 1294 3942 omnia
1310 3875 1396 3940 into

170 3984 319 4050 larabile
333 3986 478 4052 taedium
506 3987 599 4071 quod
615 3987 650 4052 in
668 4004 807 4052 scenam
823 3986 964 4052 inducta
981 3984 1155 4050 atterebat.
1172 3984 1211 4049 In
1230 3982 1291 4049 tali
1307 3985 1394 4048 tem-

169 4110 257 4177 pore
269 4092 394 4158 melius
405 4112 488 4159 sane
501 4095 615 4159 mente
627 4112 689 4159 sua
702 4112 825 4160 suasus
836 4092 901 4159 luit
911 4110 1017 4177 quam
1032 4090 1182 4157 civitatis
1197 4089 1392 4173 optimates.

168 4197 339 4266 Alfredus
354 4199 521 4266 Mezierus
533 4199 611 4285 jure
631 4200 763 4267 notavit
776 4199 1012 4265 britannicum
1032 4199 1153 4264 drama
1174 4197 1216 4263 de
1231 4195 1288 4263 via
1303 4197 1396 4261 recta

168 4305 348 4372 deflexum
375 4305 483 4373 tuisse
507 4307 612 4372 abiis
641 4307 700 4392 qui
730 4307 817 4373 illud
845 4305 967 4372 formis
1000 4304 1147 4372 facticiis
1171 4309 1205 4370 et
1232 4301 1395 4368 obsoletis

167 4411 378 4489 induebant,
406 4416 440 4478 et
465 4414 529 4480 sub
553 4415 711 4501 regulam
735 4414 852 4480 latinae
882 4413 1061 4500 tragoediae
1088 4409 1276 4497 propriam,
1297 4408 1395 4474 nullo

167 4522 294 4588 autem
319 4519 421 4584 modo
449 4520 643 4587 britannico
667 4520 807 4607 ingenio
831 4523 947 4605 aptam
971 4517 1211 4606 subjiciebant.
1229 4514 1394 4597 Quamvis

164 4625 361 4709 Philippus
389 4626 550 4694 Sidneius
581 4625 767 4714 (Philippo
791 4627 945 4715 Sido-sy)
971 4625 1156 4713 posterius,
1174 4641 1283 4707 quum
1302 4621 1395 4706 vige-

163 4736 290 4804 simus
318 4732 542 4817 praeteriisset
575 4750 700 4814 annus,
727 4732 823 4800 vitiis
853 4731 980 4820 quibus
1005 4728 1240 4797 britannicum
1271 4726 1393 4794 drama
