3120 5474
794 369 950 435 ..¹14-

265 544 415 613 oblatam
444 562 513 610 nen
542 543 701 611 idoneam
729 544 773 610 ad
801 562 929 612 novum
959 545 1168 612 movendum
1201 547 1380 612 certamen
1414 564 1487 632 quo

265 653 435 739 longiusa
450 652 625 736 proposito
647 670 752 736 quarn
776 652 807 718 ei
833 653 869 719 in
892 653 1008 719 animo
1028 656 1101 719 erat
1125 653 1216 718 trahi
1241 654 1424 739 potuisset,
1453 657 1487 721 et

264 755 364 843 cujus
378 760 542 842 praterea
558 757 616 824 vix
630 757 814 842 particeps,
830 760 951 824 multis
961 757 1066 825 etiam
1077 759 1233 843 partibus
1249 757 1383 854 inscius
1394 765 1483 828 erat.

306 864 384 930 Non
405 866 542 930 tantum
566 867 733 949 quantum
761 865 930 945 senseat,
957 884 1034 931 eam
1062 885 1137 932 rem
1165 867 1277 933 critici
1304 867 1486 944 existima-

264 974 409 1037 verunt:
432 970 640 1037 Londinium
655 970 849 1056 pestilentia
866 973 994 1039 vastari
1009 992 1118 1057 quum
1142 974 1296 1041 Greenus
1321 978 1486 1041 mortuus

265 1076 322 1159 sit,
339 1080 372 1143 et
387 1095 506 1144 omnes
526 1077 584 1163 qui
600 1077 643 1144 ab
659 1078 743 1145 urbe
758 1078 934 1145 discedere
948 1084 1129 1165 potuerant
1143 1100 1219 1148 earn
1235 1081 1416 1169 effugisse.
1436 1085 1486 1148 Ea

203 1178 207 1195 “
265 1202 332 1264 res,
351 1184 424 1250 sine
439 1182 555 1264 dubio,
575 1184 685 1252 adluit
701 1185 744 1250 iis
760 1184 819 1269 qui
840 1186 912 1252 haec
936 1186 1023 1253 falsa
1043 1187 1189 1253 crimina
1214 1191 1483 1255 contexuerunt.

265 1290 299 1358 Si
315 1290 529 1378 temporibus
549 1290 627 1358 aliis
642 1291 736 1359 illata
751 1296 878 1372 essent,
906 1292 1161 1379 quumdreeni
1185 1295 1288 1360 amici
1317 1295 1485 1362 Londinii

265 1396 471 1479 habitarent,
493 1418 532 1466 ea
547 1419 625 1485 quae
639 1399 675 1466 in
691 1399 745 1465 his
760 1400 960 1467 rumoribus
975 1401 1060 1467 falsa
1077 1408 1110 1467 et
1126 1400 1287 1468 simulata
1309 1407 1421 1481 erant,
1449 1391 1487 1470 in

264 1506 377 1573 lucem
393 1505 556 1573 facillime
577 1506 708 1591 prolata
733 1506 891 1573 fuissent.
917 1509 1043 1574 Notum
1069 1509 1281 1588 habuissent,
1308 1511 1487 1595 quomodo

264 1614 416 1679 Greenus
431 1632 449 1678 e
466 1613 535 1679 vita
551 1613 766 1692 excessisset,
784 1615 838 1681 vel
856 1616 900 1682 ad
917 1619 1050 1682 certum
1074 1616 1197 1683 saltem
1224 1635 1299 1683 rem
1324 1618 1487 1702 expedite

264 1720 500 1787 deduxissent.
525 1721 724 1787 Pestilentia
749 1722 926 1800 serviente,
957 1722 1071 1789 fabule
1096 1723 1213 1809 inique
1236 1723 1384 1791 conficta
1412 1728 1486 1791 tota

265 1828 350 1893 urhe
373 1827 550 1894 discurrit.
577 1827 603 1893 li
628 1828 671 1894 ad
692 1847 779 1914 quos
802 1847 858 1894 res
883 1830 1092 1915 pertinebat,
1127 1830 1209 1918 luga
1234 1831 1364 1916 sparsi,
1405 1850 1486 1898 eam

266 1934 440 2019 inquirere
463 1934 709 2019 nequiverunt,
735 1938 768 2001 et
792 1936 971 2002 mendacio
999 1936 1084 2002 tides
1113 1937 1273 2023 adjuncta
1297 1937 1376 2003 suit.
1412 1939 1484 2019 Nil,

266 2042 401 2120 saltem,
419 2041 469 2107 rei
484 2041 774 2109 contradixerunt.
791 2044 979 2121 Posterius
998 2063 1107 2128 quum
1123 2045 1165 2111 de
1189 2045 1396 2111 criminibus
1412 2046 1487 2111 illis

265 2167 470 2235 cognoscere
480 2149 684 2234 potuissent,
699 2151 816 2216 nullus
829 2151 919 2217 hanc
934 2151 1043 2229 litem,
1056 2150 1130 2236 jam
1145 2152 1317 2218 oblivione
1336 2153 1486 2220 exstinc-

265 2259 354 2334 tam,
384 2274 484 2324 suam
517 2257 612 2336 lecit,
645 2259 679 2324 et
700 2257 847 2324 crimina
872 2258 908 2324 in
932 2259 1063 2325 Greeno
1095 2259 1191 2326 illata
1216 2277 1285 2325 non
1313 2259 1487 2327 dissoluta

265 2361 417 2429 fuerunt.

310 2470 402 2537 Nash
417 2473 500 2537 tuno
517 2471 602 2538 urhe
629 2472 785 2539 aberat1.
809 2475 885 2557 lpse
905 2474 954 2539 rei
978 2492 1041 2540 nos
1071 2474 1234 2540 certiores
1263 2473 1343 2540 lecit
1371 2494 1485 2558 quum

266 2580 381 2663 aperte
405 2579 545 2666 negavit
568 2600 605 2646 se
629 2581 864 2665 composuisse
888 2582 1044 2648 libellum
1072 2583 1127 2647 cui
1155 2582 1330 2648 Chettelus
1359 2583 1487 2648 Greeni

266 2702 392 2752 nomen
407 2687 630 2771 inscripserat
647 2686 690 2774 (Α
705 2688 837 2757 Groots
847 2689 966 2755 worth
976 2688 1019 2773 of
1031 2687 1131 2776 th).
1144 2688 1299 2754 Manebat
1312 2689 1487 2774 Croydoni

268 2791 447 2880 (Croydon)
470 2794 505 2861 in
525 2796 628 2862 domo
642 2796 891 2882 archiepiscopi
910 2795 1085 2882 Wbitgifti
1104 2794 1307 2882 (Wnitgift),
1325 2796 1385 2880 qui
1401 2815 1487 2864 eum

267 2900 415 2986 hospitio
429 2904 638 2987 acceperant,
656 2923 697 2970 ex
712 2922 779 2988 quo
789 2903 905 2991 colligi
918 2907 1028 2988 potest
1038 2922 1118 2969 eum
1130 2921 1198 2970 non
1210 2906 1344 2969 tantum
1356 2903 1487 2971 honam

300 3104 307 3138 ¹
325 3100 393 3154 Vide
407 3101 549 3166 epistolam
562 3103 597 3153 ad
612 3102 824 3169 typographum
837 3115 920 3166 quem
935 3102 964 3151 in
977 3101 1066 3153 fronte
1083 3102 1179 3166 primae
1195 3100 1323 3151 editionis
1338 3101 1423 3151 libelli
1440 3103 1486 3153 cui

266 3181 362 3232 Pierce
380 3182 539 3233 Pennilesse
559 3182 655 3233 titulus
676 3183 836 3248 praeposuit.
861 3181 979 3234 Libellus
1005 3182 1126 3247 primum
1153 3181 1242 3232 editus
1263 3178 1315 3231 fuit
1330 3195 1361 3230 eo
1375 3180 1484 3243 insci03

265 3260 504 3327 scripturientem
519 3274 574 3314 non
586 3263 771 3315 adulteratum
786 3263 883 3314 lueret.

298 3340 394 3393 ¹Loco
407 3347 538 3407 sequente
552 3344 642 3408 operis
656 3357 674 3394 a.
692 3344 811 3394 d'lsraeli
832 3342 976 3408 compositi
1000 3347 1026 3394 et
1049 3342 1229 3393 Miscellanies
1248 3343 1280 3404 of
1297 3342 1450 3392 literature
1466 3342 1485 3403 ¹,

267 3421 392 3488 inseripti
408 3423 533 3473 redditur
551 3423 622 3474 ratio
637 3437 687 3474 cur
703 3423 777 3475 Nash
800 3426 872 3475 tecto
894 3423 1097 3487 Archiepiscopi
1112 3421 1252 3486 Whitgilti
1273 3421 1444 3486 reciperetur
1459 3427 1486 3472 et

267 3501 419 3553 eniteretur
441 3506 471 3553 ut
492 3505 646 3567 segregaret
672 3516 784 3554 causam
805 3515 884 3554 snam
904 3516 922 3554 a
942 3501 1040 3552 Greeni
1059 3515 1151 3552 cause.
1172 3500 1331 3553 Ostenditur
1350 3504 1486 3566 praeterea

267 3588 351 3646 quere
364 3594 472 3633 summo
487 3583 516 3632 in
530 3583 593 3634 odio
604 3587 675 3634 esset
692 3583 766 3649 apud
778 3582 923 3633 Puritanos
938 3585 965 3633 et
979 3594 1075 3633 eorum
1089 3583 1185 3632 socios.

716 3712 726 3739 r
745 3694 871 3757 literary
882 3694 1015 3744 Ridicule.

300 3821 310 3839 «
385 3798 477 3851 When
491 3812 509 3848 a
523 3798 627 3849 certain
641 3802 683 3849 set
695 3798 725 3849 ot
737 3798 918 3862 intemperate
933 3796 1069 3857 Puritane,
1088 3798 1115 3846 in
1134 3797 1181 3847 the
1196 3797 1272 3861 relgn
1292 3795 1321 3846 of
1336 3797 1485 3859 Elizebeth,

266 3878 313 3929 the
325 3878 476 3930 ridiculoue
488 3878 640 3929 relormlets
653 3878 682 3928 ot
692 3878 790 3929 abusos
804 3878 833 3927 in
846 3877 952 3928 churob
964 3879 1019 3928 and
1032 3881 1112 3937 state,
1125 3877 1306 3941 congregated
1318 3877 1485 3928 themselves

267 3959 354 4009 under
365 3958 412 4009 the
426 3958 540 4031 literery
553 3973 615 4008 nom
627 3959 659 4008 de
672 3972 771 4021 guerre
785 3958 817 4019 of
828 3958 933 4009 Martie
945 3958 1143 4018 Mar-Prolata
1159 3960 1289 4008 astream
1305 3957 1334 4007 ol
1346 3956 1424 4008 libels
1434 3971 1485 4008 ran

266 4039 436 4104 throughout
448 4038 495 4089 the
504 4038 609 4089 nation.
624 4038 680 4089 The
694 4051 778 4102 grave
789 4037 943 4088 discourses
954 4038 983 4088 oi
993 4038 1040 4088 the
1050 4036 1216 4102 archbishop
1228 4037 1281 4088 end
1301 4037 1347 4087 the
1366 4036 1485 4102 prelatas

267 4118 346 4170 could
361 4132 445 4170 never
461 4118 563 4169 silence
577 4119 623 4169 the
638 4116 726 4182 hardy
746 4118 800 4168 and
821 4114 967 4189 copoealed
989 4117 1117 4169 libellers.
1135 4116 1211 4181 They
1230 4116 1373 4182 employed
1392 4131 1409 4167 a
1429 4130 1485 4167 mn-

169 4234 171 4238 ·
266 4200 360 4251 reeble
386 4194 618 4264 printi'ng-preee,
642 4199 697 4249 end
715 4196 762 4249 the
784 4198 940 4263 publishers
959 4199 1130 4264 perpetually
1154 4197 1270 4261 sbisting
1293 4198 1366 4248 their
1391 4197 1484 4262 place,

262 4273 330 4342 'long
343 4278 458 4344 escaped
472 4277 617 4329 detection.
634 4278 710 4342 They
726 4277 852 4328 declared
867 4278 941 4328 their
955 4279 1045 4329 works
1067 4291 1138 4328 were
1162 4295 1172 4325 r
1197 4277 1306 4340 printed
1321 4277 1350 4326 in
1367 4277 1483 4341 Europe,

267 4360 314 4407 not
328 4358 370 4408 ter
381 4358 451 4410 irem
461 4372 537 4409 some
551 4358 580 4408 oi
590 4358 637 4408 the
649 4357 789 4422 bouncing
797 4357 911 4423 priests3
924 4377 934 4404 ι
947 4371 978 4408 or
994 4358 1060 4422 they
1075 4371 1146 4407 were
1159 4376 1168 4402 ι
1181 4356 1290 4420 printed
1303 4369 1369 4407 over
1382 4369 1438 4414 sea,
1454 4355 1484 4405 in

267 4436 381 4502 Europe,
394 4434 491 4489 within
504 4442 556 4488 two
577 4436 698 4501 iurlongs
719 4436 748 4487 ot
770 4451 787 4488 a
807 4437 946 4502 bouneing
960 4438 1054 4503 priest‚
1073 4442 1102 4488 at
1121 4436 1167 4486 the
1185 4440 1242 4486 cest
1256 4436 1311 4486 and
1325 4436 1440 4499 charges
1457 4436 1487 4484 ol

296 4602 304 4637 Ι
317 4601 440 4647 collection
450 4603 475 4646 oi
483 4604 582 4648 Ancient
593 4605 637 4648 and
648 4605 743 4649 Modern
754 4605 839 4648 British
851 4605 957 4649 Aethere.
968 4606 1015 4649 vol.
1027 4603 1379 4647 ocnxxxni-ccnxxxrtn-
1390 4602 1485 4645 Miscel-

266 4673 338 4716 lenies
348 4672 372 4715 ol
379 4670 514 4718 Litereture.
525 4672 559 4730 ay
567 4675 679 4727 d'lereell,
692 4672 774 4719 author
783 4674 807 4719 oi
815 4691 827 4714 u
836 4675 969 4719 curiositles
983 4674 1007 4718 of
1019 4672 1147 4717 Literetnre
1156 4688 1176 4717 ι.
1188 4675 1209 4715 Α
1217 4684 1269 4715 new
1282 4671 1381 4724 Edition,
1392 4672 1485 4715 revieed

266 4743 311 4787 end
324 4744 451 4787 corrected.
467 4746 538 4797 Paris,
554 4746 666 4800 Baudry’s
676 4747 796 4799 europem
808 4745 1070 4801 lerary‚·1tt⁰,2rol.
1083 4743 1152 4795 indta
1161 4742 1209 4787 eol.
1222 4744 1241 4796 1,
1251 4754 1292 4798 pp.
1309 4741 1413 4786 too-rol.
