3120 5474
706 414 886 481 ..206-

309 606 323 638 «
339 585 464 649 Greene
477 584 506 648 is
517 586 570 648 the
584 586 731 669 plessing
744 587 845 669 object
859 585 894 651 ol
905 605 946 649 en
962 588 1030 664 eie;

307 683 433 747 Greene
446 683 574 766 pleasde
590 686 642 749 the
657 686 723 749 eies
738 685 772 750 of
781 688 823 749 all
837 687 904 749 that
917 686 1005 749 lookt
1019 704 1125 768 uppon
1140 687 1216 750 him.

307 782 432 844 Greene
447 781 475 844 is
489 783 541 847 the
554 784 681 865 ground
696 784 730 847 ol
741 785 846 848 everie
862 784 1013 866 painter's
1028 785 1097 861 die;

306 880 432 942 Greene
445 900 526 961 gave
541 882 594 944 the
608 883 733 963 ground
749 891 779 944 to
793 884 835 945 all
850 884 917 944 that
930 892 1031 945 wrote
1046 901 1132 964 upon
1144 883 1219 945 him.

303 978 377 1057 Nay
391 996 491 1054 more,
507 980 559 1041 the
574 1000 647 1042 men
662 982 728 1043 that
743 999 780 1044 so
795 980 906 1062 eclipst
918 981 969 1042 his
984 979 1078 1060 fame,

302 1076 496 1157 Purloynde
512 1076 563 1139 Itis
577 1078 700 1156 plumes
716 1099 801 1141 :can
817 1080 892 1159 they
907 1079 991 1160 deep
1006 1081 1060 1142 the
1071 1082 1178 1142 come?
1193 1077 1202 1111 ¹

225 1260 588 1328 commemoraverunt
603 1279 739 1346 quoquc
758 1260 911 1329 fabulam
934 1261 1004 1329 Tlte
1024 1265 1118 1329 rroe
1139 1261 1301 1348 Trupcdp
1315 1260 1369 1327 ins-

182 1367 327 1453 criptam
353 1371 464 1435 actam
495 1367 602 1434 luisse
633 1388 652 1435 a
680 1368 827 1435 scenicis
855 1368 982 1454 quibus
1012 1395 1027 1429 c
1056 1368 1146 1436 Lord
1176 1368 1372 1434 Pembrolre's

182 1477 336 1542 servants
354 1501 384 1555 i,
403 1492 530 1541 nomen
544 1479 577 1542 et
595 1477 655 1561 qui
670 1478 819 1560 quatuor
833 1476 918 1542 alias
933 1494 951 1542 e
966 1475 1089 1543 Greeni
1110 1475 1236 1543 sabulis
1255 1479 1287 1542 et
1305 1477 1374 1542 llar-

181 1581 354 1649 lovianam
373 1581 526 1650 fabulam
546 1583 746 1650 Eduardum
770 1583 961 1650 secundum
980 1582 1185 1668 inscriptam
1203 1583 1240 1649 in
1255 1599 1376 1651 scenam

182 1688 403 1757 induxerunt.
785 1762 790 1771 ,

224 1795 258 1861 Si
283 1796 375 1880 quod
395 1795 518 1864 attinet
541 1797 584 1864 ad
608 1796 810 1864 llarlovium
834 1797 1074 1885 perspicimus,
1100 1797 1136 1865 in
1165 1824 1180 1858 «
1209 1797 1278 1866 Tbe
1299 1799 1381 1865 Troe

183 1903 385 1989 Tropedp»
407 1903 535 1970 multos
550 1904 743 1989 reperimus
761 1923 883 1972 versus
901 1904 960 1991 qui
981 1903 1114 1972 similes
1135 1908 1216 1972 sunt
1241 1903 1383 1973 Eduardi

179 2009 321 2077 secundi
336 2009 494 2076 versibus
507 2030 515 2089 ;
533 2010 759 2096 scriptoribus
777 2030 857 2080 vero
872 2030 940 2078 non
955 2014 1007 2079 est
1021 2011 1233 2080 consuetudo
1249 2031 1285 2079 se
1299 2012 1385 2099 ipsos

178 2115 238 2182 tali
255 2117 355 2184 modo
371 2116 514 2183 imitari.
531 2119 701 2185 Caeterum
717 2118 746 2183 si
761 2119 899 2204 penitus
916 2119 1163 2205 introspexeris
1182 2120 1219 2187 in
1236 2120 1387 2206 exempla

177 2223 328 2309 aDycio,
345 2242 365 2289 a
381 2223 495 2291 Fleiao
510 2227 543 2290 et
558 2243 576 2290 a
591 2225 745 2291 Johanna
762 2228 827 2293 Lee
842 2226 960 2305 relata,
982 2244 1062 2292 mox
1082 2227 1145 2293 tibi
1169 2228 1388 2313 perspicuum

177 2329 243 2395 erit
271 2330 334 2396 has
362 2330 610 2398 similitudines
635 2332 767 2398 nullius
793 2332 960 2400 momenti
988 2352 1079 2414 esse,
1111 2338 1160 2414 et,
1192 2336 1284 2420 quod
1313 2354 1389 2402 vero

177 2436 375 2521 proximum
386 2456 461 2503 esse
472 2438 619 2516 videtur,
632 2437 800 2524 prolectas
810 2458 885 2506 esse
901 2458 994 2506 exeo
1009 2441 1100 2527 quod
1116 2441 1222 2526 isqui
1239 2442 1387 2526 scripsit,

177 2541 213 2609 in
228 2543 382 2610 Marlovii
397 2544 558 2630 operibus
572 2548 741 2625 vorsatus,
764 2565 884 2614 versus
899 2545 975 2633 ejus
990 2549 1111 2632 sponte
1127 2547 1180 2614 vel
1200 2546 1334 2615 invitus
1356 2548 1391 2614 in

176 2650 381 2716 memoriam
396 2669 494 2719 suam
511 2653 731 2720 revocaverit.
748 2655 822 2720 Non
837 2656 948 2721 multo
961 2653 1104 2739 majoris
1120 2655 1289 2720 momenti
1311 2661 1392 2722 sunt

176 2757 334 2840 quaedam
349 2758 476 2825 indicia
491 2759 626 2825 interna
640 2779 719 2845 quae
733 2761 888 2827 Johanna
905 2763 969 2828 Lee
984 2761 1086 2827 habet
1102 2778 1165 2846 pro
1180 2761 1392 2828 testimoniis

175 2863 279 2930 certis
311 2865 571 2933 ostendentibus
594 2867 797 2933 lllarlovium
823 2867 950 2934 laboris
979 2869 1111 2934 socium
1141 2866 1271 2948 luisse,
1298 2870 1392 2954 quod

174 2969 325 3059 insignia
350 2971 450 3060 signa
475 2974 646 3040 sermonis
670 2973 745 3060 ejus
769 2977 895 3053 essent,
922 2976 957 3041 et
984 2975 1021 3041 in
1050 2974 1128 3041 aliis
1156 2973 1233 3059 ejus
1264 2974 1392 3042 fabulis

173 3079 414 3164 reperiantur:
437 3099 558 3148 versus
584 3080 745 3147 similiter
762 3081 957 3148 desinentes
981 3081 1196 3167 paucissimi,
1222 3101 1391 3150 versuum

172 3203 242 3252 non
274 3186 436 3253 similiter
468 3187 732 3255 consonantium
762 3188 992 3272 constructio,
1029 3187 1190 3273 quaedam
1221 3189 1389 3256 orationis

172 3291 268 3374 vitia,
284 3292 388 3359 verba
402 3293 457 3361 vel
473 3295 651 3359 sententiae
661 3310 738 3376 quae
752 3292 783 3359 ei
799 3293 938 3379 propria
949 3294 1041 3360 sunt.
1057 3291 1189 3359 Indicia
1204 3292 1265 3360 illa
1277 3294 1387 3361 incer-

171 3399 258 3466 tiora
283 3402 364 3466 sunt
387 3403 421 3467 et
443 3400 604 3484 pauciora
632 3417 737 3484 quam
762 3402 800 3466 ut
827 3400 994 3467 momenti
1018 3399 1089 3466 sint
1112 3399 1155 3465 iis
1183 3419 1202 3466 a
1229 3401 1387 3467 Johanna

172 3507 236 3573 Lee
265 3506 449 3591 adscripti,
484 3510 518 3573 et
545 3525 713 3574 novarum
745 3505 873 3573 artium
907 3507 1036 3573 abusus
1069 3506 1196 3573 iterum
1229 3511 1324 3592 patet
1353 3511 1387 3575 et

171 3612 284 3679 adhuc
306 3611 522 3680 manifestior
543 3617 606 3680 est.
637 3614 779 3681 Iudiciis
805 3613 899 3681 enim
923 3613 1082 3694 internis
1105 3632 1214 3700 quum
1238 3615 1282 3681 de
1296 3616 1385 3682 Mar-

170 3718 316 3787 lovianis
331 3718 456 3787 fabulis
472 3721 599 3808 agitur,
616 3721 817 3788 cautissime
831 3721 999 3788 utendum
1015 3723 1078 3800 est,
1095 3738 1176 3787 nam
1192 3721 1294 3809 signa
1307 3741 1386 3807 quae

170 3827 260 3911 apud
279 3826 587 3912 Shakespearume
608 3847 771 3913 processu
785 3847 907 3895 versus
926 3846 995 3895 non
1015 3827 1176 3895 simililer
1193 3829 1385 3896 desinentis

169 3933 271 4000 ducta
287 3936 379 4013 sunt,
395 3934 486 4019 apud
505 3935 708 4003 llarlovium
733 3934 802 4002 lere
828 3935 944 4002 omnia
967 3935 1104 4002 desunt.
1139 3936 1239 4003 Hunc
1266 3938 1385 4005 tamen

167 4040 316 4108 mutavit
333 4059 485 4108 versum.
507 4043 575 4109 Res
598 4045 714 4110 autem
738 4061 825 4127 quas
848 4043 962 4122 vertit,
988 4042 1182 4129 praesertim
1206 4043 1250 4109 ad
1275 4043 1383 4111 inter-

167 4151 294 4233 puncta
311 4148 365 4216 vel
384 4148 427 4215 ad
451 4167 618 4216 caesuram
644 4146 790 4238 (pause)
815 4149 1016 4235 respiciunt.
1039 4151 1128 4216 Dum
1152 4153 1253 4217 antea
1276 4151 1383 4219 inter-

166 4258 293 4339 puncta
308 4273 444 4341 semper
458 4256 536 4341 post
548 4258 706 4341 quartam
723 4256 890 4342 syllabam
901 4256 1080 4334 cadebant,
1092 4255 1216 4322 horum
1228 4257 1381 4325 reditum

167 4361 311 4429 solerter
326 4364 360 4429 et
373 4361 496 4430 callide
522 4362 742 4429 alternavit².
767 4363 938 4430 Versuum
964 4363 1125 4430 similiter
1143 4363 1380 4431 desinentium

166 4484 333 4537 numerus
348 4467 527 4537 rarissime
542 4471 575 4534 et
589 4466 730 4535 fortuito
745 4467 871 4547 solum,
888 4466 925 4536 in
940 4466 1066 4535 sabulis
1085 4465 1160 4553 ejus
1179 4468 1298 4537 varius
1312 4471 1377 4538 est.

197 4735 207 4774 ¹
223 4734 287 4787 Neu
298 4731 449 4800 Shukspere
463 4731 523 4786 Soc.
536 4732 642 4796 trans,
655 4733 708 4786 vol.
723 4731 755 4796 Il,
768 4730 813 4785 187
815 4731 912 4797 5-1876,
926 4747 953 4799 p.
965 4733 1020 4787 ttl.

197 4815 353 4869 ¹Taucock.
368 4814 510 4868 Eduardus
520 4814 552 4877 ll,
564 4829 591 4880 p.
606 4815 651 4870 Vl.
