3120 5474
690 397 866 462 -lllb—

174 571 252 634 form
273 569 337 634 and
351 570 443 653 spirit
462 569 497 634 ol
514 559 573 633 the
585 572 675 652 plays
694 571 723 633 is
742 569 871 635 altered.
889 568 1047 648 Careless‚
1065 567 1206 650 slipshod
1226 568 1306 631 lines
1328 587 1384 631 are

174 676 222 731 cut
241 675 316 745 out3
340 669 458 743 trivial,
480 688 699 749 unnecessary
713 668 825 731 details
844 688 899 731 are
918 666 1066 743 omitted;
1091 686 1197 748 grosS,
1221 666 1385 729 historical

173 767 323 829 blunders
338 787 393 830 are
411 779 513 849 swept
528 787 639 847 away;
658 768 710 829 the
726 768 854 848 rhythm
868 765 903 829 of
914 767 966 829 the
980 766 1062 828 lines
1081 766 1111 827 is
1126 785 1214 827 more
1230 765 1383 838 musical;

173 867 221 927 the
236 866 355 928 diction
371 885 460 929 more
475 864 635 941 elevated;
651 866 704 926 the
720 866 824 928 action
840 883 929 927 more
940 864 1018 944 fully
1035 863 1199 939 matured;
1218 863 1315 926 above
1330 864 1384 936 all,

173 964 222 1025 the
240 965 425 1026 characters
445 965 478 1025 in
498 984 594 1043 every
612 964 758 1026 instance
784 963 876 1026 stand
900 973 955 1025 out
976 981 1065 1024 more
1085 961 1256 1041 distinctly.
1279 963 1386 1040 Evary

172 1082 265 1125 scene
284 1062 440 1125 hasbeen
461 1081 550 1124 more
572 1081 609 1124 or
627 1063 691 1124 less
707 1062 866 1143 changed3
883 1061 946 1123 and
967 1080 1064 1140 every
1080 1062 1203 1141 change
1219 1058 1310 1122 made
1323 1059 1387 1121 isa

172 1162 293 1242 change
316 1159 365 1223 lor
383 1162 435 1224 the
459 1160 568 1225 better.
593 1161 774 1241 Shakspere
797 1162 856 1223 has
877 1159 1029 1242 gathered
1053 1160 1105 1223 the
1119 1160 1224 1222 wheat
1248 1159 1316 1221 into
1334 1157 1386 1220 his

171 1280 299 1341 gamer,
317 1259 379 1323 and
395 1261 455 1323 has
470 1268 538 1323 cast
551 1261 604 1322 the
618 1260 705 1322 chaff
714 1279 808 1340 away
820 1257 843 1320 ¹.

213 1410 402 1494 Postquam
424 1409 648 1475 ostenderunt
669 1408 733 1474 boc
757 1407 982 1474 verisimilius
1006 1425 1081 1474 esse
1109 1406 1384 1494 Shakespearum

171 1516 311 1586 Henrici
322 1515 408 1584 sexti
425 1517 612 1583 secundam
628 1518 661 1581 et
673 1515 812 1582 tertiam
827 1519 960 1600 partem
970 1515 1216 1600 composuisse,
1229 1517 1263 1581 et
1272 1533 1329 1581 eas
1342 1532 1383 1581 ex

173 1622 243 1690 Tlte
260 1623 478 1693 Contentiott
493 1625 526 1689 et
540 1642 580 1689 ex
600 1623 671 1690 The
689 1625 782 1689 Troe
805 1623 975 1709 Tropedy
993 1622 1194 1708 sumpsisse,
1216 1622 1383 1706 quaesive-

169 1732 250 1796 runt
269 1729 382 1796 critici
403 1729 530 1814 quibus
549 1728 747 1796 auctoribus
766 1729 843 1796 duae
862 1733 994 1796 veteres
1014 1728 1138 1796 fabulae
1158 1729 1295 1814 scriptae
1311 1727 1383 1795 lue-

169 1836 250 1903 rint.
276 1837 373 1918 Quod
392 1836 478 1903 forte
501 1837 682 1904 obscurius
702 1839 735 1904 et
761 1837 955 1904 abstrusius
976 1837 1090 1903 adhuc
1108 1838 1192 1903 erat.
1216 1835 1298 1915 Alii,
1324 1822 1385 1920 qui

169 1944 244 2009 sine
264 1942 370 2011 dubio
384 1945 648 2031 prudentissimi
665 1947 757 2024 sunt,
779 1945 953 2011 aestimant
972 1962 1029 2011 eos
1051 1944 1186 2031 ignotos
1208 1963 1294 2010 esse.
1316 1943 1385 2009 Alii

169 2050 360 2138 conjiciunt
384 2054 418 2118 et
442 2052 602 2119 nituntur
627 2055 666 2119 ut
690 2053 927 2119 demonstrent
945 2070 1002 2119 eos
1022 2052 1194 2118 Greenum
1213 2053 1247 2117 et
1262 2051 1384 2118 Marlo-

169 2158 266 2224 vium
285 2156 404 2224 luisse.
424 2158 581 2224 Primum
597 2157 724 2225 iudicia
740 2161 883 2225 sumunt
897 2177 915 2225 e
930 2158 1003 2225 loco
1024 2160 1181 2242 opusculi
1197 2178 1220 2226 ct
1237 2159 1385 2228 Groats-

169 2264 289 2331 wortlt
318 2264 361 2350 of
383 2265 450 2330 wit
476 2264 650 2349 inscripti,
676 2283 743 2349 quo
766 2265 918 2331 Greenus
943 2265 1217 2351 Shakespearum
1248 2271 1387 2332 accusat

169 2371 262 2455 quod
289 2389 391 2456 opera
416 2371 622 2437 amulorum
647 2390 791 2438 suorum
810 2370 944 2438 furatus
969 2372 1025 2439 sit.
1051 2372 1215 2454 Quamvis
1239 2373 1384 2440 Shakes-

168 2497 295 2564 pearus
314 2478 454 2544 nomine
473 2496 541 2545 non
562 2479 762 2564 appelletur,
784 2497 853 2545 non
875 2479 1026 2546 dubitari
1046 2482 1157 2565 potest
1176 2481 1261 2566 quin
1280 2482 1322 2547 de
1346 2499 1385 2547 eo

168 2589 261 2672 agat.
279 2586 359 2665 Res,
376 2604 482 2670 quum
500 2586 542 2653 de
563 2605 601 2652 ea
622 2586 824 2671 disceptatio
847 2587 1089 2673 contentioque
1108 2587 1184 2666 fuit,
1202 2586 1384 2654 manifesto

168 2692 342 2779 apparuit.
364 2693 554 2778 Scriptores
573 2693 637 2773 illi,
659 2694 719 2778 qui
740 2692 873 2760 labulas
897 2694 1035 2776 dabant,
1063 2695 1189 2773 cuncti,
1214 2695 1385 2780 praecipue

170 2803 286 2867 autem
302 2801 467 2879 Greenus,
486 2800 711 2886 Sbakespcari
729 2800 820 2867 furta
835 2802 926 2886 passi
942 2805 1050 2881 erant,
1068 2805 1101 2868 et
1116 2803 1232 2869 nullus
1250 2821 1382 2881 eorum,

169 2909 295 2991 praeter
313 2907 496 2987 Greenum,
520 2907 732 2975 nominatur.
754 2909 907 2975 Greenus
926 2912 1042 2975 autem
1065 2913 1098 2976 et
1116 2908 1300 2977 Marlovius
1320 2908 1384 2976 soli

169 3013 331 3080 valebant
345 3014 387 3080 ad
402 3015 568 3100 quosdam
585 3013 733 3082 duarum
745 3019 901 3082 veterum
913 3015 1108 3083 fabularum
1125 3017 1214 3082 locos
1230 3016 1384 3083 scriben-

170 3120 244 3199 dae,
266 3120 429 3206 inquiunt
443 3122 467 3188 ii
487 3141 636 3207 quorum
651 3123 857 3190 sententiam
872 3125 1057 3209 perpendo,
1076 3127 1109 3190 et
1126 3123 1218 3190 haud
1238 3123 1384 3191 dubium

171 3231 223 3293 est
242 3227 327 3313 quin
341 3229 382 3295 ad
399 3246 456 3295 eos
471 3230 561 3295 solos
581 3229 719 3296 libellus
740 3230 911 3316 respiciat.
933 3231 1029 3312 Quod
1051 3231 1206 3316 proxime
1224 3231 1384 3297 accedere

171 3333 214 3400 ad
233 3352 355 3400 verum
376 3334 523 3415 videtur,
541 3338 692 3401 attamen
706 3353 767 3420 pro
782 3339 873 3402 certo
893 3336 1010 3402 haberi
1030 3354 1098 3403 non
1117 3340 1239 3423 potest,
1261 3339 1384 3403 cuncta

171 3440 265 3506 enim
276 3440 432 3507 dramata
448 3441 661 3527 temporibus
676 3441 748 3507 illis
763 3442 890 3528 scripta
905 3461 974 3509 non
993 3446 1139 3510 exstant.
1154 3445 1258 3512 llulta
1272 3444 1383 3529 perie-

170 3550 265 3627 runt,
282 3549 315 3614 et
334 3548 509 3615 nescimus
528 3566 572 3614 an
596 3549 773 3628 intereos,
792 3550 996 3636 plerumque
1016 3551 1163 3637 ignotos,
1185 3550 1311 3636 quibus
1331 3552 1384 3617 hae

171 3654 297 3722 fabulae
319 3655 516 3740 compositae
539 3654 690 3737 luerunt,
707 3656 851 3741 quidam
874 3676 944 3724 non
968 3658 1082 3726 idonei
1102 3662 1215 3726 essent
1233 3658 1277 3725 ad
1292 3659 1384 3726 locos

170 3761 212 3829 de
227 3761 354 3846 quibus
369 3780 472 3847 supra
488 3762 560 3829 dixi
575 3762 787 3830 scribendos.
1125 3831 1130 3842 ,

215 3870 383 3936 catarum
397 3888 439 3935 ex
454 3868 735 3957 indagationibus
755 3871 824 3937 illis
844 3871 1008 3957 consequi
1028 3872 1165 3940 videtur
1179 3876 1217 3941 ut
1231 3875 1383 3941 Greenus

169 3973 261 4043 lurta
288 3977 346 4042 illa
375 3977 449 4043 sine
472 3976 576 4044 dubio
601 3979 707 4043 semel
731 3980 764 4045 et
788 3979 915 4064 saepius
943 3998 1067 4064 passus
1093 3984 1194 4061 esset,
1221 3981 1264 4047 ils
1290 3982 1384 4048 enim

169 4082 338 4150 alluditur
355 4083 398 4152 ab
417 4103 456 4152 eo
475 4083 535 4171 qui
556 4085 695 4170 scripsit
712 4105 822 4153 unum
846 4105 887 4153 ex
912 4086 1038 4155 libellis
1063 4088 1105 4155 de
1128 4089 1250 4156 Greeni
1274 4094 1384 4157 morte

169 4190 274 4258 editis
288 4192 312 4256 2.

204 4407 214 4445 ¹
229 4409 291 4459 Loc.
304 4404 350 4460 cit.
364 4423 407 4473 pp.
421 4405 536 4460 att-att.

202 4492 215 4525 ²
233 4489 352 4541 Greenes
371 4490 519 4541 Funeralls.
537 4491 575 4555 By
589 4490 619 4541 R.
638 4487 666 4540 B.
686 4490 762 4543 Gent.
778 4489 889 4542 Printed
904 4494 932 4542 at
946 4491 1055 4542 London
1069 4492 1106 4556 by
1117 4490 1188 4544 John
1204 4492 1313 4558 Denter,
1327 4491 1382 4547 aad

166 4584 217 4622 are
230 4575 259 4620 to
272 4569 305 4619 be
319 4569 377 4619 sold
392 4573 421 4621 at
435 4570 478 4621 his
491 4571 578 4621 House
592 4570 621 4620 in
633 4570 798 4621 Hester-lane
819 4583 884 4622 nere
905 4571 1199 4636 Holbournc-Conduit,
1218 4575 1287 4637 last,
1301 4576 1335 4625 lt.

202 4670 212 4698 ι
230 4650 261 4701 R.
279 4650 307 4699 Β.
324 4648 374 4699 has
393 4648 460 4700 been
477 4650 611 4716 supposed
632 4653 659 4700 to
675 4663 756 4701 mean
768 4650 887 4701 Richard
900 4651 1052 4713 Barnsreld3
1066 4652 1115 4703 but
1134 4654 1144 4704 1
1163 4658 1264 4705 cannot
1280 4656 1382 4706 believe

164 4732 230 4783 that
243 4743 275 4780 so
287 4741 354 4794 poor
365 4743 382 4779 a
396 4729 576 4795 composition
590 4743 621 4782 as
634 4730 681 4782 the
695 4733 806 4797 present
818 4731 898 4783 could
912 4733 981 4783 have
994 4733 1144 4797 proceeded
1156 4734 1227 4786 from
1238 4736 1284 4788 the
1293 4729 1346 4800 pen
1356 4736 1386 4788 of

164 4813 230 4865 that
241 4809 365 4876 pleasing
378 4813 451 4875 poet.
470 4809 557 4875 (Dyce,
572 4810 697 4864 Greene’s
711 4812 822 4877 werke,
834 4813 888 4865 vol.
903 4814 923 4878 1,
936 4827 962 4878 p.
978 4813 1036 4880 cxi.)
