3120 5474
704 412 863 473 -26..

176 582 334 669 gentium
364 578 579 645 horninibus..
608 580 700 662 quol
725 582 896 646 austra-ro
920 581 1040 647 babitu
1064 580 1258 649 induantur.
1275 580 1357 667 Cujus

175 690 273 765 artis,
307 690 349 753 orl
381 685 600 751 ellioiomlom
629 704 715 769 opus
747 688 919 753 notatione
947 688 1096 765 dignum
1122 694 1155 754 et
1183 704 1357 754 mansurum
1423 758 1426 765 ,

176 794 390 867 noeoeane,
417 792 516 857 inscii
540 798 637 855 orant
663 792 723 874 qui
744 793 858 859 molio
880 812 952 857 aero
977 794 1137 877 ‚tlysteria
1159 794 1360 877 llimculaque

175 902 382 967 3111111301.
410 898 475 963 Res
506 898 563 961 toli
589 896 690 961 molo
715 906 861 982 sumptu¹
885 900 1077 983 pnesortim
1105 900 1314 984 reperiuntur
1334 898 1361 963 in
1399 926 1403 931 ·

176 1006 277 1073 soriis
306 1008 357 1071 rol
388 1004 530 1089 tragicis
561 1004 835 1069 britannicorum
866 1004 1062 1071 salmlarum
1090 1005 1257 1090 partibus,
1283 1007 1314 1070 et
1334 1020 1363 1069 eo
1434 1050 1437 1097 2

176 1112 309 1179 felicius
324 1116 358 1177 ot
370 1110 583 1195 frequentius
600 1110 634 1173 in
649 1128 707 1173 oss
723 1110 897 1177 translata.²
913 1112 1051 1177 luerunt
1061 1129 1130 1196 quo
1139 1112 1259 1177 drama
1272 1109 1367 1197 magis
1431 1100 1437 1137 ⁴

173 1218 323 1285 arlolerit
336 1222 370 1283 et
384 1216 568 1299 scriptores
585 1214 724 1301 ingenio
739 1216 853 1302 magis
868 1216 912 1283 ad
928 1217 1093 1301 hocopus
1111 1217 1234 1283 idoneo
1251 1213 1369 1302 praediti
1433 1214 1436 1219 ’

175 1324 325 1391 filerunt.
352 1322 633 1389 Translationum
659 1320 798 1386 illarum
827 1322 957 1407 optima
985 1322 1205 1407 plurimaque
1232 1320 1370 1405 exempla

173 1432 264 1515 aporl
289 1428 844 1513 ,13110113133181131330031313
868 1435 1066 1495 occurrunt.
1095 1430 1204 1497 lidem
1229 1429 1284 1495 usi
1306 1429 1375 1495 suut

174 1540 336 1623 praterea
361 1534 572 1619 quibusdem
600 1535 852 1601 sententiarum
874 1540 908 1600 et
934 1535 1119 1602 verborum
1148 1535 1272 1621 liguris
1302 1551 1376 1619 quas

173 1644 348 1709 ‹luxerunt
362 1660 380 1707 e
396 1640 523 1707 tabulis
541 1641 764 1706 narrantibus
780 1659 834 1705 res
848 1658 867 1705 3
888 1641 961 1706 Diis
981 1645 1015 1706 et
1029 1642 1073 1707 ab
1087 1641 1253 1707 heroibus
1266 1640 1380 1727 graccis

174 1748 395 1832 romanisque
409 1751 537 1833 gestas,
554 1750 587 1812 et
607 1765 755 1830 quarum
778 1765 875 1823 3333,
897 1747 1057 1829 quamvis
1080 1750 1213 1833 pugnet
1235 1732 1317 1814 cum
1338 1745 1382 1812 rei

172 1858 392 1941 argumento,
410 1871 498 1937 saepe
514 1851 766 1930 recentissimo,
783 1870 852 1917 non
870 1852 1062 1938 legentium
1080 1856 1235 1918 mentem
1251 1855 1287 1918 ct
1297 1852 1385 1937 judi-

172 1960 265 2027 cium
281 1958 436 2034 ostendit,
454 1957 520 2023 viri
536 1957 630 2022 enim
650 1956 789 2024 luerunt
809 1957 928 2023 divino
950 1958 1075 2041 spiritu
1099 1955 1221 2038 afflati,
1247 1963 1282 2024 et
1305 1958 1387 2024 bene

171 2065 308 2133 (licendi
324 2063 466 2131 scientia
483 2062 568 2129 vitia
591 2063 686 2130 illius
704 2063 875 2131 sermonis
893 2064 1024 2130 insoliti
1044 2068 1078 2131 et
1097 2081 1167 2130 non
1186 2063 1389 2130 verisimilis

171 2170 477 2239 obumbraverunt.

216 2278 279 2360 Qui
295 2278 414 2345 drama
431 2274 657 2361 scripserunt,
674 2292 716 2341 ex
730 2274 858 2341 italicis
871 2278 905 2342 et
919 2274 1056 2361 gallicis
1071 2274 1198 2342 litteris
1211 2295 1294 2362 quae
1310 2279 1392 2347 tunc

172 2385 282 2451 multo
297 2383 503 2449 maturiores
514 2385 547 2448 et
559 2381 777 2448 secundiores
788 2381 992 2448 britannicis
1002 2386 1112 2461 erant,
1124 2386 1394 2468 assumpserunt

173 2490 312 2557 13311013
328 2490 482 2574 exempla
503 2488 631 2574 quibus
652 2488 746 2554 ducti
770 2506 839 2554 non
862 2492 1104 2574 processerunt
1129 2491 1202 2556 tam
1228 2508 1395 2575 prospere

172 2616 277 2681 quam
306 2613 415 2679 quum
453 2596 582 2680 optima
620 2612 844 2661 romanorum
880 2612 1141 2682 graecorumque
1179 2595 1396 2680 scriptorum

171 2722 273 2789 opem
296 2702 528 2768 imitarentur.
554 2701 693 2767 Etenim
717 2701 754 2767 in
778 2702 955 2768 Gallorum
983 2706 1017 2768 et
1046 2702 1213 2767 Italorum
1240 2703 1396 2768 narratis

173 2830 240 2877 non
257 2810 359 2875 morlo
379 2806 575 2873 fabularum
592 2810 798 2894 argumento
813 2808 857 2874 ad
875 2807 1136 2875 delectationem
1156 2808 1299 2874 lectoris
1316 2811 1396 2894 apta

171 2920 204 2983 ct
233 2934 288 2981 ros
316 2914 466 3001 tragicas
495 2913 750 2997 quaesiverunt3
785 2917 963 2980 tentarunt
989 2931 1126 2998 quoque
1151 2916 1190 2980 ut
1218 2913 1257 2979 in
1287 2934 1395 2981 suum

171 3023 343 3089 vorterent
374 3020 533 3105 1133011313
564 3020 734 3088 sentiendi
765 3019 1009 3103 scribendique
1036 3037 1163 3106 genera
1191 3020 1270 3085 tum
1301 3021 1396 3105 apud

172 3126 249 3195 illos
264 3129 384 3215 gentes
404 3127 625 3213 proevalentia
641 3130 674 3193 et
688 3126 875 3211 aliquando
890 3127 1032 3192 meliora
1048 3144 1118 3192 non
1136 3126 1334 3212 elegerunt.

216 3234 345 3303 Eodem
361 3235 595 3319 temporeque
611 3252 665 3299 res
684 3233 727 3299 ad
751 3235 944 3317 spectantes
966 3232 1185 3298 delectandos
1205 3231 1355 3299 idoneas
1369 3234 1395 3300 ii

170 3340 363 3426 pracsertim
379 3339 562 3425 cupiebant
576 3358 617 3405 ex
632 3338 781 3405 insolitis
796 3342 830 3405 et
847 3339 1014 3405 luctuosis
1030 3338 1163 3404 eventis
1177 3356 1256 3422 quae
1270 3338 1395 3406 libidi-

171 3446 272 3515 nibus
287 3446 461 3513 ellronatis
480 3446 685 3533 gignuntur,
703 3446 795 3529 quod
807 3445 844 3511 in
859 3445 914 3514 his
925 3444 1143 3512 collectaneis
1159 3443 1288 3511 fabulis
1304 3463 1395 3529 prae-

170 3552 269 3639 cipue
284 3553 489 3639 argumenta
505 3552 593 3617 mira
607 3551 805 3638 tragicoque
815 3550 1073 3637 perquirebant,
1084 3549 1157 3629 alii,
1173 3549 1395 3618 velutLilius

170 3658 285 3745 (Lily),
303 3658 339 3723 in
359 3656 575 3723 Britanniam
596 3657 803 3724 invehebant
821 3676 944 3743 pravas
964 3656 1137 3724 scribendi
1161 3655 1292 3722 formas
1313 3676 1395 3743 quae

171 3764 205 3831 in
226 3762 356 3829 italicas
372 3764 505 3830 litteras
524 3762 700 3830 instillata
714 3766 824 3843 erant,
845 3766 878 3830 et
901 3763 1029 3849 quibus
1048 3780 1111 3830 nec
1134 3762 1310 3842 Ariostus‚
1328 3781 1396 3832 nec

168 3870 294 3937 l'assus
310 3868 375 3955 ipsi
393 3868 495 3937 soluti
513 3868 664 3936 luerunt.
681 3870 772 3952 Quas
787 3870 916 3937 formas
926 3870 1166 3937 itacoluerunt
1175 3871 1208 3935 et
1216 3874 1394 3940 auxerunt

170 3980 207 4045 31
226 3996 265 4043 un
293 3974 363 4042 illis
386 3994 497 4061 panus
525 3975 712 4063 fugitivum
737 3980 771 4043 et
793 3976 912 4044 fictum
936 3975 1208 4061 composuerint,
1230 3975 1288 4042 cui
1310 3979 1393 4045 Eu·

166 4082 359 4169 partiamus
376 4100 502 4149 nomon
520 4086 554 4149 et
569 4083 610 4149 do
625 4101 693 4167 quo
712 4083 851 4171 longius
865 4083 1048 4151 disseram.

214 4188 374 4255 rlltarnrn
400 4186 434 4254 in
460 4188 514 4255 liis
538 4188 692 4256 versuris
712 4189 755 4256 ab
775 4190 898 4256 alienis
919 4188 1080 4273 operibus
1097 4188 1150 4255 vel
1165 4187 1392 4271 sermonibus

169 4290 279 4371 131113,
307 4295 510 4379 plerumque
534 4294 582 4360 nil
607 4294 812 4362 meditatum
837 4299 870 4362 et
895 4295 1085 4383 cogitatum
1108 4296 1193 4361 erat.
1219 4295 1392 4362 Nonnun-

167 4417 272 4483 quam
300 4398 403 4467 rtium
431 4398 492 4477 nil,
519 4403 557 4465 ut
581 4400 627 4466 113
650 4400 777 4481 dicam,
804 4401 994 4481 conscium,
1019 4419 1100 4467 nam
1121 4400 1180 4484 qui
1200 4401 1392 4469 sumebant

168 4504 348 4572 ululabant
366 4524 546 4575 31111311.
563 4508 597 4573 01
611 4512 748 4591 sarapta
765 4507 931 4592 pulsabant
944 4507 987 4574 ab
1001 4506 1087 4590 ipsis
1107 4507 1245 4572 iuventa
1262 4505 1387 4573 fuisse.

167 4612 561 4691 1133131113311033111
593 4617 850 4687 trultrramrrlur,
883 4630 994 4698 noque
1023 4612 1196 4696 proposito
1224 4611 1387 4693 oonsilio,

168 4732 279 4803 noque
303 4716 426 4785 mlluni
450 4718 588 4785 cuidam
613 4718 789 4803 parabant.
812 4720 923 4801 Quam
950 4718 1142 4803 plurimum
1165 4716 1241 4784 vias
1263 4715 1340 4802 jam
1366 4736 1389 4784 3
