3120 5474
822 463 997 528 —130-

305 637 343 701 de
361 637 561 701 l'invention.
588 638 656 701 Elle
679 656 699 700 a
721 636 827 701 donno
850 657 890 699 au
914 638 995 717 sujet
1016 634 1220 698 d’immenses
1243 642 1396 710 contours
1412 640 1476 698 etan

305 743 465 800 caractere
480 737 636 819 principal
649 756 711 798 une
724 735 854 798 altitude
868 738 939 817 plus
955 735 1160 816 qu’humaine
1175 733 1197 796 ¹.
1216 759 1229 789 ι

347 885 516 952 Praeterea
550 884 774 952 Tamerlanus
802 882 851 950 rei
880 883 980 950 nodis
1008 885 1149 950 cunctas
1172 882 1362 969 superiores
1379 881 1478 950 fabulas

305 995 456 1076 superat.
474 992 599 1058 Drama
615 1010 735 1058 verum
754 993 826 1069 est3
849 1009 904 1057 res
928 989 1014 1076 ejus,
1040 990 1200 1075 quamvis
1223 991 1389 1057 immensa
1409 988 1443 1055 sit
1459 989 1481 1052 et

304 1097 474 1185 indigesta
507 1097 679 1178 videatur,
714 1097 882 1166 evolvitur
910 1102 1024 1163 tarnen
1058 1097 1191 1163 clarum
1225 1115 1285 1182 per
1315 1097 1482 1164 ordineme

304 1204 497 1272 rationibus
511 1223 588 1291 quae
602 1205 788 1272 llarlovius
802 1205 846 1271 ab
863 1203 962 1270 initio
981 1203 1168 1289 disposuit,
1190 1207 1223 1270 et
1242 1222 1301 1270 eas
1322 1205 1484 1271 constanter

303 1311 516 1396 exsequitur,
529 1316 603 1379 tum
622 1312 725 1378 etiam
741 1328 850 1396 quum
865 1331 884 1377 a
899 1311 1071 1395 proposito
1091 1311 1251 1377 aberrare
1270 1315 1304 1377 et
1322 1330 1381 1396 per
1395 1325 1486 1394 super·

304 1436 452 1485 vacanea
463 1437 581 1485 rerum
596 1419 895 1486 circumstantium
907 1417 1026 1504 vagari
1038 1418 1185 1484 videtur.
1198 1417 1390 1484 Tamerlani
1404 1416 1488 1483 latum

303 1525 432 1593 eminet
450 1525 542 1592 inter
566 1529 686 1593 eventa
709 1543 786 1611 quae
805 1524 842 1591 in
861 1542 1000 1592 scenam
1029 1543 1069 1590 eo
1096 1524 1241 1591 consilio
1270 1524 1407 1591 inducta
1429 1521 1491 1589 sunt

302 1636 341 1698 ut
369 1631 597 1717 spectantium
632 1631 767 1699 animos
795 1635 941 1698 attentos
970 1633 1120 1698 teneant.
1156 1631 1323 1698 Praevalet
1353 1649 1443 1717 aeque
1464 1647 1494 1696 ac

301 1756 445 1824 persona
474 1737 549 1824 ejus
576 1738 666 1807 inter
694 1739 781 1807 alias
808 1738 976 1806 dramatis
1000 1756 1164 1824 personas
1188 1756 1337 1823 quarum
1359 1743 1449 1825 gesta
1468 1736 1497 1802 in

301 1864 394 1925 eum,
412 1846 502 1912 sicut
516 1846 554 1912 in
567 1844 692 1912 fabulae
706 1845 874 1924 medium,
898 1845 992 1911 omni
1016 1864 1058 1911 ex
1077 1847 1174 1930 parte
1187 1847 1347 1932 vergunt.
1365 1846 1423 1912 Hae
1436 1863 1498 1931 pcr-

301 1970 405 2032 sonae,
427 1952 601 2039 principes
619 1952 737 2032 etiam,
757 1952 959 2019 Tamerlano
985 1955 1182 2018 constanter
1202 1951 1358 2019 obnoxiae
1381 1970 1502 2039 perma-

299 2062 395 2125 nent.
414 2061 545 2127 Eorum
564 2057 664 2127 sactis
682 2059 853 2144 dictisque
872 2058 935 2125 hoc
950 2059 1121 2144 praecipue
1136 2058 1201 2124 sibi
1217 2064 1414 2144 proponunt
1427 2062 1463 2126 ut
1476 2060 1506 2126 in

302 2166 415 2233 lucem
446 2165 621 2250 proferant
648 2184 771 2232 sensus
798 2164 873 2250 ejus
909 2165 1046 2250 penitus
1083 2165 1289 2232 reconditos.
1329 2165 1446 2233 Solum
1477 2166 1510 2233 in

301 2290 439 2339 scenam
455 2273 667 2340 inducuntur
681 2276 815 2339 tantum
832 2275 1000 2356 quantum
1015 2270 1099 2339 satis
1114 2276 1166 2338 est
1178 2271 1222 2339 ad
1236 2272 1301 2338 hoc
1315 2290 1512 2357 supremum

299 2379 514 2464 propositum
530 2378 784 2465 attingendum.
802 2378 862 2444 Ille
877 2378 1024 2463 simplex
1039 2382 1072 2444 et
1088 2396 1178 2444 unus
1195 2395 1311 2444 rerum
1332 2381 1431 2444 tenor
1449 2396 1512 2464 quo

301 2485 511 2551 intuentium
540 2485 653 2552 studia
691 2502 826 2570 semper
857 2485 899 2552 ad
933 2484 1095 2551 eumdem
1130 2483 1236 2550 finem
1274 2485 1406 2552 intenta
1436 2490 1515 2553 sunt

300 2590 485 2677 diligenter
500 2595 669 2670 servatur,
685 2594 719 2656 et
732 2590 956 2657 Tamerlanus
971 2594 1105 2657 tantum
1120 2604 1347 2675 personarum
1366 2597 1400 2658 et
1420 2611 1514 2678 spec-

300 2698 448 2765 tantium
469 2698 604 2764 animos
629 2697 801 2776 sollicitat,
826 2701 865 2763 ut
884 2696 1057 2783 pulpitum
1079 2700 1238 2782 occupet,
1260 2697 1396 2764 etiamsi
1414 2717 1516 2766 scena

300 2805 401 2871 absit.
418 2805 553 2871 indoles
567 2809 601 2872 et
620 2822 733 2870 mores
747 2821 817 2870 non
830 2803 944 2870 solum
962 2803 1168 2882 Tamerlani,
1191 2803 1251 2870 sed
1273 2805 1379 2871 etiam
1398 2824 1515 2892 perso-

300 2927 425 2977 narum
457 2929 534 2996 quae
566 2911 734 2978 secundas
761 2915 876 2996 partes
908 2914 1037 2997 agunt,
1072 2910 1214 2977 solerter
1249 2911 1385 2996 depicta
1419 2917 1514 2980 sunt.

300 3019 459 3084 Personae
480 3035 549 3084 non
572 3020 670 3096 sunt,
695 3017 786 3084 sicut
808 3017 844 3083 in
867 3017 1041 3102 plerisque
1060 3017 1278 3102 superiorum
1298 3016 1514 3100 fabularum,

299 3123 432 3211 effigies
445 3123 504 3191 vix
518 3124 732 3192 adumbratae
747 3127 792 3202 et,
804 3128 843 3190 ut
854 3123 899 3190 ita
911 3124 1038 3202 dicam,
1050 3124 1170 3190 inanes
1181 3124 1353 3210 imagines
1362 3126 1516 3211 quadam

299 3229 385 3298 falsa
416 3230 496 3297 vitae
527 3228 757 3297 similitudine
788 3234 822 3296 et
854 3229 966 3314 specie
999 3228 1181 3309 animatae,
1211 3248 1288 3315 quae
1319 3236 1516 3315 spectantes

298 3340 445 3405 attentos
459 3354 529 3404 non
542 3338 671 3418 tenent,
684 3335 756 3404 veri
771 3338 888 3402 autem
903 3335 1060 3402 homines
1074 3354 1222 3422 quorum
1233 3337 1330 3403 bonae
1343 3339 1517 3424 malaeque

298 3446 433 3511 mentes
444 3443 580 3510 animos
590 3441 892 3528 moventquod,ad
903 3446 1062 3509 naturam
1072 3443 1517 3522 accommodatae‚vividam

298 3549 452 3617 veritatis
467 3549 614 3616 sormam
632 3549 740 3615 oculis
760 3549 959 3633 subjiciunt.
987 3549 1124 3615 Fabulae
1143 3566 1278 3635 quoque
1293 3549 1375 3616 nodi
1391 3551 1517 3619 callide

298 3655 505 3724 intricantur
523 3656 682 3742 quamvis
697 3655 733 3722 in
753 3655 817 3722 hac
836 3654 961 3722 fabulae
980 3657 1076 3740 parte
1099 3655 1284 3723 Marlovius
1308 3674 1400 3741 saepe
1423 3662 1517 3726 erret

298 3768 332 3831 et
346 3764 474 3829 multas
488 3763 681 3830 committat
695 3762 826 3848 culpas.
843 3763 909 3828 Res
924 3766 1040 3829 autem
1054 3762 1229 3829 ducuntur
1243 3766 1276 3829 et
1297 3767 1517 3850 peraguntur

297 3868 485 3947 dialectice,
503 3872 537 3935 et
549 3868 758 3954 quibusdam
773 3869 809 3934 in
825 3868 908 3935 locis
924 3886 1034 3936 scenae
1048 3887 1089 3934 ex
1104 3868 1217 3935 scenis
1233 3871 1328 3936 tanta
1343 3888 1425 3937 cum
1440 3876 1516 3941 arte

295 3976 470 4054 oriuntur,
502 3978 540 4041 ut
567 3976 740 4042 intuentes
778 3975 852 4042 sine
889 3975 959 4042 ulla
994 3974 1249 4042 intermissione
1281 3976 1325 4042 ad
1357 3975 1515 4046 fabulam

296 4083 454 4148 animum
477 4082 671 4160 attendant,
688 4099 914 4166 personarum
937 4081 1030 4147 enim
1054 4079 1187 4151 indoles
1210 4081 1315 4148 simul
1339 4084 1444 4168 atque
1463 4086 1515 4152 rei

294 4188 376 4255 nodi
392 4188 608 4256 evolvuntur.
625 4188 815 4254 Verborum
833 4189 1001 4275 gravitate
1016 4191 1050 4253 et
1064 4187 1160 4273 copia
1175 4192 1316 4255 ornatus
1335 4192 1515 4274 praeclaris

296 4293 332 4358 in
348 4294 444 4373 lucie,
460 4311 573 4361 sermo
588 4293 752 4361 facillime
767 4311 886 4360 omnes
910 4293 1023 4361 induit
1041 4292 1170 4361 formas
1183 4313 1260 4380 quae
1275 4294 1378 4362 rebus
1397 4301 1514 4381 postu·

295 4397 423 4467 lantur.
452 4403 616 4468 Attamen
645 4402 686 4469 ad
711 4404 871 4468 naturam
894 4406 928 4468 et
952 4400 994 4468 ad
1016 4401 1197 4469 veritatem
1220 4403 1512 4471 accommodatior

295 4510 397 4588 esset,
410 4511 444 4574 et
457 4512 591 4575 mentes
605 4507 843 4576 vehementius
858 4510 1083 4593 permoveret,
1101 4508 1130 4574 si
1144 4507 1330 4574 llarlovius
1343 4515 1508 4594 perpetua

294 4612 403 4680 animi
414 4613 602 4683 intentione
618 4618 712 4683 extra
727 4613 869 4682 modum
887 4631 956 4681 non
975 4613 1109 4682 ablatus
1124 4612 1256 4699 luisset,
1273 4613 1459 4704 omniaque
1474 4619 1508 4687 et

325 4818 335 4856 ¹
349 4815 410 4870 Lcc.
428 4814 484 4884 cit,
498 4816 672 4887 lapidi-1⁰8.
