3120 5474
568 146 745 210 -lta—

50 319 178 407 vulgus
197 319 346 399 emissae,
363 338 441 406 quaa
455 319 608 385 nondum
628 319 664 385 in
684 320 863 387 doctorum
884 319 1042 387 notitiam
1060 323 1211 401 venerat,
1228 323 1262 388 et

50 426 294 511 antiquissima
309 427 457 494 videtur.

102 533 157 599 Ab
191 533 340 600 editione
381 551 471 600 anno
506 533 693 600 millesimo
729 533 1008 622 quingentesimo
1040 535 1263 622 nonagesimo

51 642 169 706 octavo
187 638 300 727 (1598)
316 640 504 726 divulgata,
523 641 635 706 solum
650 641 746 706 abest
761 640 1022 709 discriminibus
1036 642 1174 709 minimi
1189 660 1263 709 mo·
1359 719 1360 722 Ἴ

51 747 174 812 menti.
192 747 254 812 His
268 746 383 814 verbis
399 746 600 813 enuntiatur
614 746 737 814 titulus
753 769 761 813 :

92 950 109 982 «
130 927 198 989 The
222 928 434 990 troublesome
453 928 565 1008 migne
584 927 647 988 and
671 927 860 989 lamentable
883 927 975 990 death
996 926 1031 988 of
1050 927 1188 989 Edward
1214 928 1266 990 the

53 1025 183 1104 second,
200 1026 285 1107 King
298 1025 332 1088 of
344 1026 490 1107 England
513 1048 519 1086 :
542 1026 620 1088 with
634 1027 686 1087 the
700 1027 844 1106 tragicall
859 1025 912 1088 lall
925 1025 959 1088 of
969 1025 1070 1108 proud
1085 1027 1263 1089 Mortimer.

53 1127 98 1185 As
112 1125 138 1184 it
152 1143 222 1186 was
238 1125 369 1186 suadria
384 1125 477 1186 times
492 1124 673 1206 publiquely
687 1125 776 1186 acted
799 1125 833 1185 in
853 1125 905 1186 the
926 1124 1123 1186 honourable
1139 1125 1211 1186 citie
1235 1123 1271 1186 of

54 1221 200 1301 London,
216 1222 257 1302 by
272 1223 324 1284 the
339 1223 424 1303 right
437 1223 633 1285 honourable
648 1222 700 1284 the
713 1225 788 1284 Earl
803 1221 837 1283 of
848 1222 1023 1284 Pombroke
1037 1223 1089 1285 his
1105 1232 1264 1288 servants.

53 1321 198 1382 Written
221 1320 263 1400 by
286 1321 373 1383 Chri.
391 1322 528 1383 Marlow
552 1320 644 1383 Gent.
667 1320 841 1403 imprinted
857 1330 888 1382 at
902 1321 1037 1383 London
1055 1319 1105 1383 for
1120 1321 1266 1383 William

53 1420 163 1500 Jonas,
197 1416 351 1500 dwelling
383 1439 479 1482 neore
508 1419 670 1482 Holborne
707 1418 836 1482 conduit
872 1425 905 1480 at
931 1420 983 1481 the
1013 1419 1111 1500 Signa
1148 1418 1183 1482 of
1214 1419 1267 1482 the

54 1516 289 1595 Gunne,1594.
309 1514 467 1596 (Bellen.)

96 1708 211 1776 Tertia
226 1709 331 1776 editio
351 1706 462 1796 (ind‘t)
482 1726 572 1775 anno
594 1709 842 1775 sexcentesimo
865 1708 1068 1775 duodecimo
1093 1707 1206 1795 (1612)
1229 1709 1267 1775 in

53 1814 182 1904 vulgus
201 1815 328 1882 emissa
342 1813 427 1895 suit;
446 1814 525 1892 alia,
542 1817 728 1900 postrema,
746 1818 785 1882 ut
798 1815 948 1898 videtur,
968 1817 1124 1882 veterum
1145 1815 1266 1883 editio-

53 1940 157 2003 num,
185 1940 275 1989 anno
297 1921 484 1989 millesimo
507 1920 754 1988 sexcentesimo
778 1921 942 1988 vicesimo
966 1923 1117 1988 secundo
1140 1921 1264 2010 (tcta).

54 2029 211 2096 Eduardi
236 2029 377 2095 secundi
406 2028 575 2114 scriptum
603 2026 694 2113 typis
723 2026 925 2092 mandatum
954 2027 1169 2093 emendatius
1196 2029 1270 2093 erat

55 2149 162 2220 quam
191 2135 317 2220 scripta
342 2135 488 2202 aliorum
512 2134 802 2201 Marlovianorum
826 2133 1036 2214 dramatum,
1066 2137 1100 2201 et
1122 2137 1268 2220 quatuor

54 2242 226 2310 editiones
239 2260 316 2327 quae
330 2241 430 2308 hodie
446 2244 632 2327 supersunt
646 2239 704 2307 vix
723 2239 813 2305 inter
830 2259 867 2305 se
886 2240 1061 2307 differunt.

100 2349 128 2414 E
148 2347 363 2416 fabulaeloco
381 2349 441 2434 qui
461 2347 601 2433 respicit
618 2347 661 2413 ad
685 2347 887 2413 Eduardum
910 2347 1070 2431 Spenseri
1090 2347 1270 2433 jubentem

55 2453 174 2542 legere
197 2454 338 2521 nomina
361 2454 529 2521 nobilium
554 2454 683 2521 ducum
705 2453 832 2538 quibus
855 2453 892 2519 in
916 2452 1024 2519 Turre
1047 2455 1270 2520 londiniensi

56 2559 186 2629 collum
202 2563 315 2629 securi
329 2566 462 2628 sectum
477 2561 554 2644 fuit,
576 2560 703 2648 Dycius
723 2561 787 2627 hoc
809 2578 931 2647 cogere
953 2560 1074 2642 voluit,
1101 2561 1270 2646 scriptum

56 2668 149 2754 typis
164 2664 368 2736 mandatum
382 2687 451 2734 non
470 2669 637 2747 Marlovii‚
663 2670 724 2735 sed
746 2667 927 2734 monitoris
954 2665 1143 2756 (soulsseur)
1160 2671 1269 2755 scrip-

57 2777 134 2841 tum
158 2773 277 2841 fuisse.
309 2776 357 2841 Ea
385 2775 490 2843 verba
519 2776 632 2842 solum
659 2774 798 2841 refert:
832 2800 846 2833 u
877 2774 1024 2859 Spencer
1052 2776 1152 2842 reads
1178 2777 1270 2842 their

56 2896 207 2948 names»
220 2878 389 2967 etDycius
404 2882 520 2949 addit:
536 2909 550 2942 «
564 2882 599 2948 Si
609 2882 796 2949 Marlovius
810 2881 883 2967 ipse
894 2881 1060 2967 scriptum
1073 2881 1165 2969 typis
1175 2901 1271 2950 man·

58 2986 222 3067 davisset‚
245 2987 381 3075 singula
399 2987 539 3054 nomina
557 2987 816 3077 enuntiavisset.
836 3013 850 3046 a
873 2988 936 3053 Est
954 2987 991 3052 in
1009 2991 1132 3055 natura
1152 3007 1270 3056 rerum

58 3097 98 3159 ut
116 3092 303 3160 Marlovius
324 3111 394 3160 non
418 3093 491 3178 ipse
514 3093 658 3160 mendas
682 3094 861 3178 scripturae
884 3092 1063 3160 sustulerit
1085 3097 1270 3182 antequam

60 3198 177 3266 labula
191 3198 283 3286 typis
297 3200 460 3266 mandata
475 3199 531 3266 sit.
553 3200 651 3267 Sede
670 3219 706 3266 re
720 3220 740 3267 a
756 3200 859 3286 Dycio
878 3199 1027 3267 indicata
1042 3219 1112 3269 non
1129 3206 1271 3288 apparet

60 3304 216 3374 Marlovii
232 3304 399 3392 scriptum
419 3325 488 3372 non
507 3306 597 3395 typis
619 3307 822 3374 mandatum
846 3305 965 3385 fuisse,
991 3308 1153 3375 monitori
1176 3309 1270 3376 enim

61 3413 138 3499 plus
159 3430 266 3498 quam
288 3413 418 3479 auctori
443 3413 623 3499 expedibat
644 3414 785 3480 nomina
805 3432 923 3481 eorum
938 3413 980 3480 de
999 3414 1125 3498 quibus
1140 3417 1270 3501 suppli-

60 3519 154 3587 cium
170 3522 349 3605 sumptum
365 3518 476 3587 fuerat
490 3539 558 3587 non
575 3521 703 3587 omissa
717 3539 803 3587 esse.

106 3625 237 3693 Fabula
252 3626 431 3694 Eduardus
455 3626 632 3694 Secundus
652 3628 830 3712 inscripta,
852 3627 994 3694 inferior
1015 3625 1150 3710 Fausto,
1175 3629 1269 3695 Meli-

60 3734 152 3800 tensi
166 3733 272 3800 etiam
285 3733 407 3801 Judoeo
422 3733 525 3801 rebus
540 3754 617 3819 quae
636 3735 679 3801 ad
703 3752 841 3801 scenam
856 3735 1004 3801 attinent
1020 3735 1107 3802 mihi
1121 3735 1269 3803 videtur.

60 3840 138 3908 Non
151 3843 288 3908 tantum
304 3840 495 3925 praesertim
512 3842 683 3929 tragicum
699 3842 818 3927 spirat.
835 3841 1031 3909 Plurimum
1045 3847 1161 3909 tamen
1177 3843 1273 3909 abest

62 3948 149 4034 quin
172 3946 303 4037 ingenii
333 3966 453 4034 expers
476 3953 510 4016 et
528 3948 713 4036 injucunda
740 3950 796 4016 sit.
827 3951 876 4016 Eo
901 3948 1094 4016 accuratius
1117 3948 1273 4016 conside

61 4055 171 4124 randa
191 4056 356 4139 estquod
381 4055 566 4124 Marlovius
590 4057 678 4124 hanc
700 4056 852 4124 fabulam
876 4055 1122 4140 componendo,
1146 4054 1273 4122 transi·

62 4162 155 4232 visse
168 4160 308 4230 videtur
322 4161 358 4227 in
368 4163 537 4248 quasdam
551 4182 656 4230 novas
672 4162 844 4230 scribendi
858 4163 933 4229 vias
945 4161 1071 4247 quibus
1081 4161 1156 4227 sine
1169 4160 1275 4228 dubio

64 4268 191 4336 deinde
205 4268 424 4354 perrexisset,
439 4269 469 4336 si
484 4271 550 4337 iter
564 4288 646 4337 nece
665 4287 734 4336 non
753 4270 985 4355 interruptum
1000 4266 1134 4334 luisset.

108 4376 149 4444 ln
168 4372 236 4442 hoc
254 4374 419 4454 dramate,
441 4376 625 4444 Marlovius
643 4376 750 4443 bonos
773 4394 890 4443 rerum
914 4374 1026 4441 exitus
1048 4391 1118 4439 non
1139 4374 1274 4439 tantum

62 4480 188 4570 petivit
202 4485 372 4567 quantum
387 4482 424 4549 in
439 4483 673 4568 superioribus
687 4482 813 4548 fabulis
828 4501 846 4548 e
860 4482 1071 4568 tragicorum
1082 4498 1146 4546 usu
1157 4494 1274 4544 rerum
