3120 5474
774 380 926 443 ..88-

247 550 444 640 Penelesse)
460 552 495 620 id
510 552 618 619 estad
633 550 737 627 Nash,
755 551 886 628 scribit,
899 554 937 617 ut
953 568 1032 617 eum
1048 552 1280 637 reprehendat
1292 554 1393 638 quod
1411 572 1471 640 pro

249 680 310 728 sua
326 659 492 726 memoria
508 659 651 725 remisse
662 659 799 724 dixerit.
812 657 894 724 Mihi
907 658 1036 724 mirum
1047 659 1185 727 videtur
1195 661 1290 744 quod
1301 661 1340 726 in
1353 661 1472 728 medio

248 767 365 835 libello
379 766 554 833 Chettelus
578 765 613 830 in
632 765 801 831 Greenum
827 765 979 831 conserat
1001 766 1191 831 orationem
1220 787 1289 851 qua
1316 786 1415 833 unus
1434 786 1473 833 ex

248 876 395 958 quatuor
421 872 646 957 scriptoribus
675 891 778 957 supra
809 872 1000 958 designatis
1028 873 1258 957 vituperatur,
1288 894 1408 959 quum
1439 875 1474 940 in

247 980 411 1066 proaemio
430 979 569 1067 negavit
584 998 620 1046 se
635 997 829 1045 sermonem
844 997 947 1045 suum
967 979 1010 1045 ad
1030 977 1181 1045 fabulam
1198 981 1325 1047 Greeni
1345 981 1474 1067 adjun-

249 1087 352 1154 xisse.
370 1088 488 1152 Nonne
512 1086 576 1152 hac
598 1089 670 1153 arte
695 1085 833 1170 oblique
857 1083 983 1151 fatetur
999 1086 1130 1153 crimen
1145 1105 1214 1153 non
1231 1086 1364 1154 falsum
1382 1107 1473 1166 esse,

248 1197 282 1261 et
299 1212 390 1273 eum,
408 1193 519 1260 solum
535 1195 573 1259 ut
587 1193 749 1260 decorum
766 1194 888 1271 servet,
907 1192 993 1259 illud
1009 1192 1185 1260 abnuere?

293 1302 377 1367 Rem
402 1301 582 1378 audendo,
613 1300 704 1365 baud
728 1317 856 1385 magno
881 1299 1033 1384 periculo
1055 1301 1190 1367 obviam
1222 1302 1317 1380 ibat,
1348 1303 1405 1382 si,
1438 1306 1476 1368 ut

248 1406 437 1474 verisimile
447 1410 510 1487 est,
522 1406 656 1473 occulta
670 1406 828 1490 pactione
838 1404 1004 1472 fratribus
1020 1408 1223 1473 Harveianis
1238 1410 1272 1473 et
1288 1409 1474 1474 Puritanis

237 1514 461 1601 ‚jungeretur
479 1513 641 1595 Quaedam
665 1512 831 1590 amicitia,
852 1518 887 1579 at
911 1515 1033 1580 saltem
1058 1515 1172 1593 tacita,
1196 1515 1285 1581 inter
1305 1515 1476 1582 inimicos

248 1621 389 1688 illorum
412 1625 560 1705 quatuor
584 1620 791 1704 scriptorum
814 1619 971 1688 instituta
987 1619 1095 1686 fuisse
1110 1621 1259 1701 videtur,
1277 1625 1312 1687 et
1327 1641 1477 1707 praeser-

249 1728 313 1794 tim
328 1727 494 1794 adversus
508 1727 681 1793 Greenum
705 1729 738 1792 et
760 1726 965 1792 Marlovium
981 1727 1146 1806 confecta,
1164 1728 1292 1794 etenim
1309 1734 1348 1794 ut
1370 1730 1477 1795 ratio

250 1851 330 1900 nem
344 1833 466 1899 reddat
480 1851 542 1899 cur
552 1833 668 1917 plnres
677 1832 801 1899 Greeni
817 1832 937 1912 libelli,
950 1834 1121 1919 praecipue
1134 1835 1205 1902 Tbc
1219 1838 1473 1920 Repentabee.

247 1926 319 2028 jam
332 1939 415 2007 editi
426 1939 508 2017 sint,
520 1938 574 2006 vel
585 1939 621 2005 in
634 1957 673 2005 eo
684 1939 755 2005 sint
769 1942 808 2005 ut
817 1940 975 2017 edantur,
984 1941 1158 2007 Chettelus
1171 1941 1323 2007 affirmat
1332 1947 1476 2026 poetam

250 2051 427 2114 mortuum
441 2045 608 2113 nonnulla
623 2045 750 2130 scripta
765 2046 856 2130 apud
868 2046 1026 2113 librarios
1041 2048 1233 2133 reliquisse.
1253 2045 1316 2134 (M.
1333 2049 1477 2116 Robert

252 2153 411 2232 Grecoe,
446 2154 593 2239 lcooiop
629 2171 744 2238 morey
775 2170 912 2238 popcrs
946 2154 1158 2239 essebury
1189 2155 1311 2221 Boolre
1340 2157 1476 2223 sellcrs

251 2257 420 2346 tandm).
438 2261 591 2326 Eventus
607 2258 681 2324 sine
696 2258 800 2326 dubio
817 2260 1014 2345 opinionem
1031 2280 1128 2327 suam
1145 2262 1331 2347 superavit.
1345 2263 1474 2329 Greeni

252 2366 405 2445 nomine,
421 2366 513 2451 quod
534 2365 571 2432 in
592 2365 743 2431 maxima
767 2366 879 2453 gratia
904 2367 994 2453 apud
1018 2386 1138 2434 omnes
1158 2372 1243 2447 erat,
1260 2368 1361 2435 abusi
1390 2374 1475 2436 sunt

252 2478 409 2559 proterve
440 2473 624 2559 scriptores
649 2475 682 2538 et
705 2473 850 2553 librarii,
877 2477 911 2540 et
933 2476 969 2539 in
993 2493 1073 2541 eum
1097 2476 1211 2542 collati
1235 2474 1378 2543 fuerunt
1402 2494 1474 2544 non

254 2580 365 2646 solum
391 2579 498 2646 libelli
513 2597 662 2664 quorum
687 2579 860 2646 Chettelus
884 2580 1070 2647 editionem
1088 2582 1393 2667 praenuntiaverat,
1412 2585 1474 2651 sed

254 2686 359 2752 etiam
382 2686 484 2752 multi
510 2686 720 2771 inquorum
743 2689 889 2773 partem,
914 2707 1023 2775 quum
1049 2689 1166 2775 scripti
1191 2687 1352 2772 fuissent,
1374 2692 1475 2759 nullo

254 2793 356 2860 modo
370 2796 522 2860 venerat.

299 2900 481 2967 Puritanos
518 2901 710 2985 praesertim
758 2901 824 2967 sibi
863 2902 1023 2969 societate
1061 2908 1094 2969 et
1131 2903 1257 2970 loedere
1292 2904 1475 2972 Chettelus

255 3007 455 3095 adjunxisse
470 3006 618 3087 videtur,
635 3011 673 3074 ut
693 3008 846 3075 Greenus
868 3011 901 3074 et
919 3010 1105 3077 Marlovius
1128 3010 1360 3097 depingantur
1375 3031 1475 3079 erro·

255 3116 352 3183 ribus
365 3114 438 3181 suis
452 3114 578 3201 perditi
594 3117 628 3180 et
641 3114 822 3201 gravitera
838 3117 906 3182 Deo
920 3116 1091 3203 castigati.

300 3222 428 3289 Eadem
443 3240 523 3288 cum
538 3221 670 3288 saevitia
684 3221 869 3287 Marlovius
886 3223 1046 3309 arguitur
1065 3225 1215 3291 secundo
1239 3225 1449 3293 documento
1464 3247 1472 3292 ε

255 3329 391 3415 vulgari
420 3328 573 3395 carmine
602 3328 657 3395 cui
681 3346 833 3394 nomen:
861 3329 932 3396 Tbc
955 3330 1127 3397 Atbeist's
1153 3332 1346 3418 Trcpcclie.
1373 3333 1475 3414 Quod

256 3453 409 3515 carmen,
434 3454 453 3502 a
472 3434 680 3520 quibusdam
696 3453 816 3501 eorum
832 3435 891 3520 qui
907 3436 1094 3504 novissime
1109 3438 1263 3504 Marlovii
1278 3456 1380 3523 opera
1398 3440 1473 3506 edi-

257 3543 402 3619 derunt,
428 3541 535 3609 idest
557 3560 577 3607 a
601 3541 706 3628 Dycio
728 3544 761 3608 et
788 3560 808 3607 a
835 3534 982 3629 legionis
1011 3544 1214 3610 britannicae
1243 3545 1474 3630 subpraefecto

258 3648 441 3716 Francisco
457 3648 723 3735 Gunninghamo
738 3648 774 3714 in
792 3651 919 3736 vulgus
935 3650 1102 3717 emissum
1113 3651 1179 3717 fuit
1189 3670 1230 3717 ex
1240 3652 1474 3739 chirographo

257 3756 318 3840 qui
333 3754 440 3841 Payni
453 3754 590 3821 Gollieri
606 3757 689 3821 erat.

301 3863 417 3947 Nuper
438 3861 627 3947 Symondes
642 3865 675 3928 et
689 3861 854 3929 Bullenus
868 3863 932 3930 hoc
947 3863 1089 3950 vulgare
1105 3884 1244 3933 carmen
1268 3864 1304 3930 in
1324 3864 1475 3934 dubium

256 3971 476 4037 vocaverunt.

187 4166 189 4171 .
300 4105 396 4168 «The
409 4105 511 4168 ballad
527 4104 565 4166 {in
587 4107 745 4185 question,
766 4107 868 4189 inquit
888 4109 1079 4189 Symondas,
1101 4109 1225 4191 printed
1244 4108 1325 4172 from
1346 4131 1366 4173 a
1384 4114 1471 4175 M.S.

258 4202 291 4263 in
306 4201 358 4265 the
373 4203 559 4285 possession
575 4202 666 4267 olthe
676 4207 737 4267 late
750 4207 794 4267 M.
809 4207 847 4267 G.
860 4205 897 4266 P.
911 4209 1038 4288 Collier,
1051 4208 1108 4271 has
1118 4217 1149 4271 to
1164 4210 1202 4271 bc
1217 4211 1375 4272 classified
1392 4213 1473 4274 with

259 4300 350 4361 other
374 4301 509 4392 dubious
533 4304 695 4366 materials
719 4304 884 4370 furnished
912 4307 948 4385 by
971 4306 1038 4369 that
1064 4309 1236 4388 ingenious
1265 4308 1403 4388 student,
1428 4330 1473 4373 on

259 4395 364 4459 which
379 4419 398 4460 a
411 4399 556 4462 cautious
571 4400 660 4462 critic
675 4401 743 4463 will
758 4401 862 4483 prefer
876 4412 907 4466 to
919 4403 1017 4466 found
1032 4424 1074 4467 no
1089 4403 1226 4467 theorias
1237 4403 1260 4465 ².
1286 4429 1299 4461 s

291 4573 439 4624 1Αἰὶαεὶοη
453 4575 550 4639 Boolrs,
564 4589 589 4641 p.
605 4575 644 4627 at.

290 4652 302 4688 ²
313 4653 499 4719 Shakespere’s
508 4656 699 4708 Predecessom
707 4656 736 4706 in
747 4657 791 4708 the
801 4658 910 4722 English
919 4661 1026 4724 Drama,
1038 4663 1074 4725 by
1083 4660 1153 4712 John
1162 4661 1316 4725 Addington
1327 4661 1474 4725 Symonds

254 4735 380 4815 london,
395 4733 492 4796 suaith,
506 4735 577 4799 1884,
592 4736 669 4789 lvol.
684 4736 748 4789 in-8⁰
765 4752 790 4803 p.
804 4739 859 4792 583.
