3120 5474
591 380 748 449 ..gp-

98 575 118 615 1
132 555 195 616 We
214 551 298 616 bavo
320 572 409 616 some
436 553 532 615 doubt
550 551 585 614 11
604 551 655 616 the
676 549 880 630 authenticity
901 547 999 612 111111
1027 548 1149 614 Groats
1166 549 1273 610 worth

68 652 173 731 estoit
200 672 238 714 as
266 672 286 714 1
313 651 397 715 work
416 652 452 730 by
478 652 618 730 Greene,
642 651 746 731 inquit
772 651 826 712 ille
852 648 942 730 (Life
969 650 1010 728 os
1031 646 1270 729 Sbakespeore,

66 769 92 829 p.
109 748 285 830 CXXXII).

102 881 267 961 Quamvis
292 879 487 947 Alexander
510 878 636 965 Dycius
664 877 723 962 qui
753 878 913 963 perdocte
939 875 1147 943 Marloviana
1172 892 1273 961 opera

64 985 176 1064 edidit,
198 985 240 1052 de
260 985 428 1052 sententia
448 985 520 1063 illa,
539 989 577 1051 11
593 982 799 1068 supradixi,
816 982 1013 1059 decesserit,
1033 986 1185 1049 attamen
1210 981 1275 1048 hac

62 1091 101 1158 de
114 1111 152 1158 re
167 1111 249 1159 cum
264 1094 379 1183 Payno
394 1091 539 1159 Colliero
555 1091 591 1156 in
606 1108 727 1156 omnes
745 1092 859 1174 partes
876 1089 1065 1169 consentio,
1086 1106 1163 1156 eam
1179 1088 1274 1155 enim

61 1198 101 1264 ad
115 1197 329 1282 probandam
346 1197 455 1264 multa
471 1198 681 1263 concurrunt
696 1194 822 1280 quibus
835 1195 907 1262 veri
923 1193 962 1262 111
977 1195 1117 1262 omnino
1132 1195 1271 1262 similis.

60 1305 132 1370 Non
147 1322 238 1391 nego
256 1303 409 1371 fabulam
425 1322 502 1387 quae
517 1303 612 1387 prior
626 1301 734 1369 libelli
749 1320 829 1386 pars
848 1304 912 1382 est,
938 1320 957 1368 a
980 1303 1112 1369 Greeno
1135 1320 1272 1387 compo-

59 1411 162 1478 sitam
179 1410 300 1477 fuisse.
318 1412 384 1477 Res
399 1410 474 1476 11111
492 1409 614 1495 potuit.
638 1408 766 1474 Fabula
787 1411 902 1474 tamen
923 1426 992 1474 non
1015 1409 1106 1475 inter
1125 1409 1274 1494 optimas

56 1522 165 1602 poetae
179 1518 394 1585 numeranda
410 1520 511 1595 esset,
530 1516 658 1582 etenim
673 1516 733 1581 illa
748 1516 800 1595 vis
815 1520 849 1582 et
859 1515 963 1600 quasi
974 1516 1114 1582 llamma
1125 1515 1274 1583 oratoria

56 1625 184 1709 quibus
203 1625 272 1691 alia
287 1623 361 1709 ejus
376 1623 503 1709 scripta
528 1623 640 1689 nitent
665 1623 701 1688 in
725 1621 821 1688 nulla
845 1626 1005 1689 narratus
1029 1627 1124 1708 parte
1150 1621 1271 1709 fulget.

53 1733 185 1798 Verum
202 1733 356 1798 Greenus
372 1730 458 1797 forte
473 1730 585 1797 111111
600 1734 684 1807 1111,
700 1730 757 1796 111
769 1729 900 1814 primos
925 1728 1095 1796 sentiebat
1113 1729 1273 1796 stimulos

54 1839 169 1905 morbi
197 1856 266 1923 quo
295 1838 443 1904 decessit
470 1855 667 1922 oppressus.
693 1836 821 1921 Optimi
845 1835 1030 1921 scriptores
1057 1836 1113 1901 his
1141 1835 1273 1922 ingenii

55 1944 363 2011 imminutionibus
378 1943 588 2010 afficiuntur.
608 1945 677 2010 Nec
694 1943 844 2028 amplius
859 1942 990 2009 mirum
1005 1944 1058 2008 est
1076 1942 1106 2008 si
1121 1940 1273 2008 fabulam

56 2050 299 2136 compositam,
317 2050 375 2117 sed
395 2068 464 2116 non
483 2050 623 2129 editam,
645 2050 799 2135 reliquit.
816 2049 981 2131 Quamvis
996 2050 1149 2116 Greenus
1172 2066 1272 2133 supe-

54 2159 185 2225 riorem
214 2157 328 2224 locum
353 2157 442 2225 inter
466 2176 538 2223 suae
566 2157 678 2224 aetatis
704 2157 889 2241 scriptores
911 2154 1076 2235 tenuerit,
1107 2154 1273 2221 nonnulla

55 2283 98 2332 ex
112 2264 276 2352 operibus
290 2263 364 2349 ejus
379 2264 532 2349 primum
547 2264 639 2331 edita
653 2262 794 2331 fuerunt
808 2262 967 2348 pluribus
980 2261 1080 2329 annis
1092 2264 1273 2348 postquam

56 2372 222 2438 mandata
237 2370 373 2437 1111111
387 2371 610 2437 librariorum
624 2370 753 2436 tabulis
770 2368 991 2456 (8111111111
1006 2368 1172 2453 3111111
1187 2387 1274 2455 quas
1296 2374 1299 2381 '

56 2478 137 2545 libri
153 2479 215 2563 qui
230 2496 310 2543 mox
334 2478 462 2545 edituri
485 2480 584 2544 erant
607 2476 854 2544 reserebantur.
881 2476 1033 2563 Segnitia
1058 2476 1111 2543 vel
1135 2475 1273 2543 incons-

55 2585 166 2652 tantia
182 2603 263 2652 eum
278 2583 365 2650 forte
380 2584 604 2651 morabantur
619 2585 807 2669 quominus
822 2584 929 2651 libros
943 2582 1130 2669 inscriptos
1140 2600 1276 2666 compe

55 2693 167 2768 neret,
183 2688 239 2756 vel
254 2688 387 2754 librarii
403 2689 656 2774 exspectabant,
674 2692 860 2774 antequam
874 2706 932 2755 eos
948 2688 985 2754 in
1001 2690 1128 2776 vulgus
1142 2689 1276 2756 emitte-

55 2800 147 2877 rent,
165 2796 250 2864 dum
267 2794 405 2881 legendi
421 2795 577 2862 studium
592 2796 693 2882 longa
709 2795 926 2863 cunctatione
939 2798 1075 2875 motum
1090 2795 1206 2863 fuerit.

101 2903 168 2971 Sed
182 2920 251 2968 non
270 2901 459 2969 verisimile
476 2907 528 2969 est
543 2921 622 2968 eum
638 2903 829 2990 imaginem
849 2921 949 2969 suam
968 2903 1111 2970 reddere
1124 2902 1275 2970 voluisse

57 3029 167 3096 quum
190 3011 304 3095 partes
323 3008 461 3075 finxerit
484 3009 636 3089 Roberti,
662 3010 846 3094 praecipuae
866 3027 1034 3094 personae.
1060 3008 1095 3074 Si
1119 3007 1235 3076 fabula
1255 3028 1274 3075 a

57 3118 207 3185 Roberto
240 3117 370 3183 Greeno
398 3115 587 3202 composita
616 3119 684 3195 est,
716 3117 791 3183 1111
818 3117 925 3184 dubio
957 3117 995 3182 in
1024 3116 1150 3201 scripto
1179 3115 1275 3183 aliud

58 3222 242 3291 nomenoi
267 3222 469 3308 impositum
494 3222 620 3290 fuerat.
648 3225 681 3288 ls
705 3223 891 3304 Robertus,
921 3221 1139 3289 foeneratoris
1161 3221 1272 3302 iilius,

58 3331 204 3398 exheres
219 3329 368 3415 scriptus
383 3332 435 3396 est
449 3333 579 3416 epatre
594 3348 657 3396 suo
671 3330 762 3415 quod
779 3330 1007 3396 irreverenter
1020 3327 1095 3415 ejus
1105 3346 1275 3397 commer-

58 3439 154 3505 cium
173 3440 207 3504 et
229 3437 411 3504 avaritiam
433 3437 652 3522 vituperavit.
683 3438 729 3502 Ea
749 3438 864 3504 mente
885 3438 925 3504 ut
946 3435 1114 3503 ultionem
1136 3437 1229 3521 petat
1255 3454 1275 3502 e

58 3544 166 3611 fratre
182 3562 245 3610 suo
260 3545 408 3622 Lucano,
424 3561 528 3629 quern
543 3547 640 3628 pater
655 3562 775 3610 eorum
786 3544 948 3610 heredem
962 3561 1004 3609 ex
1018 3561 1096 3610 asse
1109 3542 1273 3621 instituit,

59 3667 141 3719 eum
170 3648 280 3717 vincit
306 3668 367 3734 per
394 3653 486 3716 artes
519 3650 713 3717 meretricis
742 3651 798 3717 cui
826 3650 972 3716 Lamilia
999 3669 1142 3730 nomen,
1173 3650 1275 3716 etde

58 3760 209 3827 fortunis
224 3759 386 3825 omnibus
401 3761 572 3827 deturbat.
589 3760 753 3845 Sperabat
768 3778 804 3826 11
822 3759 1025 3846 participem
1042 3757 1275 3824 fraternorum

58 3867 231 3934 bonorum
245 3885 264 3932 a
280 3867 459 3933 meretrice
478 3865 651 3934 facturum
672 3885 759 3933 esse.
777 3866 923 3933 Lamilia
937 3871 1054 3934 autem
1077 3863 1215 3950 expedit
1238 3881 1276 3930 se

59 3971 195 4058 laqueis
227 3970 302 4057 ejus
332 3973 467 4039 Lucano
501 3973 666 4058 probrosa
697 3972 840 4039 consilia
872 3973 990 4040 fratris
1021 3971 1212 4057 prodendo,
1242 3972 1277 4036 et

59 4078 249 4159 Robertus,
275 4078 388 4145 omnis
412 4078 485 4164 spei
508 4097 656 4165 egenus,
686 4080 723 4145 in
751 4098 827 4146 eam
846 4079 1088 4146 necessitatem
1115 4076 1210 4144 venit
1237 4079 1277 4144 ut

60 4185 197 4254 fabulas
226 4184 357 4251 doceat.
386 4186 468 4267 Quae
494 4184 636 4266 fabulae,
667 4185 847 4270 plausibus
874 4186 1014 4273 magnis
1044 4186 1209 4269 exceptae,
1244 4183 1276 4251 ei
1356 4182 1359 4188 ’

60 4291 218 4379 primum
236 4292 403 4377 quasdam
419 4309 500 4378 opes
518 4293 683 4380 praebent.
710 4294 799 4378 Opes
822 4296 939 4360 autem
962 4293 1032 4358 illae
1049 4310 1128 4358 mox
1151 4309 1277 4359 consu-

61 4400 209 4466 muntur
223 4400 258 4464 et
271 4397 308 4462 in
321 4398 573 4483 turpitudinem
587 4399 749 4466 devolvit.

106 4504 251 4571 Minime
264 4503 372 4571 miror
389 4505 418 4570 si
433 4505 512 4589 quis
526 4503 652 4571 fatetur
667 4504 708 4571 de
719 4505 830 4590 culpis
841 4525 927 4590 quas
939 4504 1275 4591 1111111111-

61 4612 111 4677 rit
129 4613 164 4677 et
178 4627 313 4676 amores
327 4611 519 4696 impudicos
534 4613 660 4695 quibus
680 4612 764 4680 olim
786 4613 949 4699 flagraret
970 4613 1085 4697 palam
1104 4612 1276 4698 repudiet,

62 4720 103 4784 ut
117 4717 233 4785 effecit
247 4717 398 4785 Greenus
412 4718 450 4784 in
463 4718 640 4814 nonnullis
654 4719 851 4786 libellorum
862 4737 1017 4799 suorum,
1029 4722 1167 4805 peccata
1182 4717 1277 4786 enim

1100 4850 1118 4903 6
