3120 5474
795 392 951 464 -78-

267 571 338 638 tam
353 568 453 650 foede,
470 590 534 639 nec
550 573 622 638 tam
638 570 798 638 llebiliter
817 591 922 657 quam
942 590 997 637 res
1015 570 1057 637 ab
1073 570 1226 637 inimicis
1247 570 1322 637 suis
1343 573 1488 636 narrata

266 676 343 744 luit.
369 679 498 746 Rerum
522 679 637 765 inopia
661 683 695 745 et
718 679 908 747 amicorum
934 678 1083 745 desertio
1111 697 1260 763 quarum
1288 679 1486 745 cruciatum

265 789 425 870 expertus
439 789 502 861 est,
515 805 556 853 ex
566 805 606 852 eo
621 786 702 852 sciri
718 789 863 873 possunt
873 787 953 872 quia
969 786 1178 853 Londinium
1193 785 1394 871 pestilentia
1408 805 1486 852 ves-

265 891 401 959 tabatur
420 896 453 959 et
471 894 675 961 derelictum
694 892 806 960 iuerat
827 893 870 960 ab
895 893 938 959 iis
957 893 1016 979 qui
1032 897 1141 979 poetae
1157 893 1367 960 moribundo
1383 911 1488 978 opem

264 999 437 1067 tulissent.
450 1003 524 1068 Non
534 1004 587 1068 est
600 1004 694 1069 extra
705 999 809 1068 fidem
820 1020 901 1068 cum
913 992 1107 1087 pestilentia
1117 1001 1345 1085 absumptum
1360 999 1487 1067 fuisse.

264 1105 326 1173 Rei
348 1126 468 1175 rumor
484 1127 544 1195 per
566 1108 693 1197 vulgus
717 1127 858 1194 sparsus
882 1107 994 1175 suerat
1019 1111 1053 1174 et
1071 1127 1148 1174 eam
1173 1110 1266 1174 tanta
1292 1127 1376 1174 cum
1390 1127 1487 1183 ,cura

264 1215 435 1283 Harreius
462 1215 599 1296 refellit,
625 1219 665 1285 ut
690 1216 874 1304 diligentia
901 1235 964 1283 sua
987 1216 1019 1282 ei
1043 1233 1209 1303 magnam
1239 1215 1489 1283 auctoritatem

264 1321 395 1390 afferet.

311 1429 383 1496 The
401 1432 632 1516 Repentaoce
651 1433 684 1496 et
703 1429 841 1498 Hnrveii
864 1430 1002 1496 libellus
1023 1430 1107 1497 editi
1127 1429 1267 1497 suerunt
1288 1429 1383 1497 intra
1398 1450 1488 1515 qua-

264 1539 343 1603 tuor
357 1540 548 1622 postremos
566 1555 703 1603 menses
722 1537 804 1603 anni
825 1539 863 1603 P.
884 1539 920 1604 G.
942 1539 983 1604 N.
1001 1538 1186 1621 ‚millesimi
1205 1538 1488 1625 quingentesimi

264 1643 479 1731 nonagesimi
509 1644 651 1711 secundi
680 1643 806 1733 (1592).
833 1647 926 1712 Intra
950 1623 1112 1711 eamdem
1137 1645 1304 1730 temporis
1328 1646 1488 1730 spatium

263 1749 418 1834 prolatus
437 1750 503 1817 fuit
526 1751 663 1820 libellus
682 1773 792 1839 usque
816 1754 854 1820 in
872 1754 965 1821 hunc
984 1754 1077 1822 diem
1098 1755 1231 1820 Greeno
1255 1754 1457 1839 adscriptus
1476 1774 1484 1819 ε

264 1858 397 1928 Groats
412 1859 531 1926 worth
545 1860 588 1945 of
596 1862 673 1941 wit,
690 1864 724 1927 et
737 1881 806 1948 quo
821 1862 1020 1942 Marlovius,
1037 1862 1130 1928 Nash
1146 1864 1179 1927 et
1194 1861 1317 1927 Peelus
1332 1861 1485 1928 lacesse-

262 1964 399 2033 bantur.

305 2073 458 2141 Greenus
475 2072 565 2142 inter
583 2074 777 2144 uberrimos
801 2077 912 2144 aeutis
937 2095 1009 2144 suae
1034 2076 1216 2162 scriptores
1240 2075 1486 2143 numerandus

261 2181 325 2247 est.
342 2180 518 2266 Praecipue
540 2182 647 2249 solers
670 2186 745 2249 erat
767 2183 804 2250 in
828 2189 901 2251 arte
924 2202 1039 2250 mores
1058 2181 1257 2269 aequalium,
1282 2183 1485 2269 praesertim

261 2304 375 2353 mores
399 2286 649 2358 Londinienses
677 2290 797 2358 leviter
824 2293 859 2359 et
886 2290 1065 2379 ingeniose
1092 2290 1321 2377 depingendi,
1350 2288 1485 2376 quibus

261 2391 475 2481 imaginibus
501 2394 655 2482 fingebat
691 2397 872 2465 subsimile
906 2397 1038 2484 aliquid
1067 2397 1194 2464 sabulis
1225 2398 1485 2465 commenticiis

261 2508 360 2572 aetate
374 2509 490 2587 nostra
505 2510 668 2575 Romans
682 2509 874 2577 Parisiens
893 2509 1035 2577 vocatis.
1058 2506 1314 2577 contenderunt
1333 2505 1483 2591 quidam

261 2613 433 2679 Greenum
457 2611 494 2679 in
516 2615 694 2682 nonnullis
712 2616 837 2683 harum
856 2616 1054 2684 fabularum
1079 2615 1232 2701 seipsum
1255 2613 1423 2698 pinxisse,
1447 2615 1483 2678 et

261 2718 369 2785 libelli
406 2719 462 2786 cui
494 2721 615 2790 Never
646 2724 702 2790 too
732 2724 830 2790 tatc¹
863 2723 1005 2805 titulus,
1035 2723 1247 2809 praecipuam
1274 2738 1479 2807 personam,

260 2824 401 2892 nomine
425 2826 648 2895 Franciscum
674 2826 891 2916 (Francesco)
919 2828 1111 2917 imaginem
1139 2848 1239 2895 suam
1259 2829 1414 2894 reddere.
1445 2828 1483 2894 Is

261 2934 479 3014 FranciscuS,
497 2934 541 3001 ad
560 2934 751 3019 nequitiam
768 2936 937 3003 deductus
957 2957 977 3002 a
1002 2936 1196 3015 meretrice,
1213 2953 1356 3002 uxorem
1376 2953 1481 3001 suem

258 3040 387 3110 deserit
400 3041 561 3129 quamvis
577 3061 616 3110 ea
630 3042 873 3131 rarisxempli
894 3043 939 3111 sit
961 3048 994 3111 et
1019 3044 1131 3131 specie
1156 3063 1196 3111 ac
1218 3041 1480 3128 pulchritudine

258 3147 419 3238 insignis,
438 3153 472 3217 et
486 3150 599 3217 solum
614 3150 772 3236 pluribus
786 3155 864 3238 post
878 3152 980 3220 annis
999 3152 1036 3219 in
1055 3150 1205 3240 gratiam
1220 3167 1300 3219 cum
1315 3167 1354 3215 ea
1371 3147 1477 3215 redit.

257 3256 293 3323 Si
307 3258 460 3326 Greenus
474 3258 574 3325 uxori
598 3276 671 3326 suae
694 3259 852 3327 eamdem
874 3257 1042 3344 injuriam
1062 3258 1230 3337 intulerit,
1246 3258 1344 3342 parte
1359 3256 1479 3342 aliqua

258 3364 339 3432 huic
362 3366 544 3432 Francisco
566 3382 636 3432 non
659 3365 831 3432 absimilis
854 3364 932 3433 fuit.
961 3366 1090 3432 Rerum
1120 3369 1237 3431 tamen
1267 3363 1380 3430 exitus
1406 3382 1479 3430 non

257 3469 350 3538 idem
374 3469 508 3553 suisset,
534 3489 616 3538 nam
640 3471 670 3538 si
695 3472 885 3540 creduntur
901 3472 973 3540 The
997 3474 1229 3558 Repentouce
1251 3473 1285 3537 et
1304 3469 1477 3537 Gabrielis

256 3576 394 3645 Harveii
418 3577 582 3658 narratio,
607 3578 730 3645 Greeni
754 3597 842 3645 uxor
868 3596 938 3644 non
965 3579 1008 3646 ad
1032 3580 1169 3665 poetam
1193 3576 1417 3664 poenitentem
1443 3581 1479 3645 et

256 3682 504 3751 moribundum
517 3684 652 3752 visendi
667 3684 742 3772 ejus
756 3684 868 3773 gratia
887 3685 994 3754 venit.
1016 3686 1079 3752 His
1098 3689 1213 3753 autem
1234 3682 1385 3751 narratis
1404 3702 1477 3752 non

255 3793 384 3858 temere
399 3790 609 3860 credendum
624 3795 676 3858 est
690 3793 799 3859 donec
823 3793 951 3860 certius
974 3795 1064 3860 notae
1088 3793 1158 3859 sint
1181 3811 1236 3859 res
1256 3793 1387 3858 Greenu
1402 3792 1476 3876 pri·

255 3898 355 3977 vutae,
372 3896 500 3965 etenim
519 3897 595 3965 fieri
610 3900 722 3985 potuit
736 3903 775 3966 ut
788 3897 924 3966 inimici
940 3897 1015 3984 ejus
1029 3917 1071 3966 ex
1089 3900 1148 3966 illa
1163 3899 1278 3965 fabula
1294 3917 1475 3983 excerpse-

256 4003 327 4072 rint
345 4004 512 4072 nonnulla
534 4005 725 4074 facinorum
746 4025 825 4093 quae
846 4007 877 4072 ei
897 4005 1037 4074 crimini
1056 4008 1136 4075 data
1156 4007 1305 4073 suntin
1321 4009 1475 4072 mentem

286 4214 294 4253 ¹
311 4216 400 4270 Never
412 4221 457 4268 too
470 4217 532 4268 lete.
549 4217 595 4280 Or,
607 4231 625 4268 a
634 4217 745 4269 Ponder
759 4218 789 4269 oi
798 4217 980 4284 Experlsnee:
994 4220 1060 4272 Sent
1071 4223 1100 4272 to
1109 4221 1144 4272 all
1157 4218 1294 4285 youthiull
1303 4219 1473 4282 Gentlemen3

253 4302 281 4350 to
302 4303 376 4350 route
400 4301 448 4351 out
467 4299 514 4349 the
536 4297 681 4349 inlectious
700 4298 797 4361 sullies,
817 4299 877 4349 thet
896 4301 1104 4365 over-reaching
1127 4300 1246 4352 conceits
1271 4300 1355 4351 foster
1377 4300 1405 4349 in
1426 4300 1473 4351 the

254 4376 349 4443 spring
363 4379 430 4430 time
446 4377 475 4429 of
486 4377 558 4429 their
567 4377 661 4443 youth.
675 4377 864 4444 Decyphering
877 4379 905 4428 in
920 4393 937 4431 e
950 4383 1011 4430 true
1025 4380 1135 4445 English
1152 4379 1276 4443 historie,
1291 4380 1369 4430 those
1384 4379 1472 4443 parti-

254 4456 332 4509 cular
351 4457 476 4520 vanities,
498 4458 558 4509 thet
578 4457 642 4508 with
665 4456 738 4508 their
761 4457 855 4508 frostie
869 4472 987 4525 vaponrs
1001 4460 1048 4525 nip
1066 4460 1113 4510 the
1127 4460 1260 4511 blossome
1275 4459 1305 4510 ol
1315 4472 1398 4523 every
1413 4459 1472 4524 ripe

254 4536 359 4598 braine,
383 4536 454 4590 from
475 4536 610 4602 atteining
623 4539 651 4588 to
671 4537 715 4589 his
736 4536 867 4589 intended
881 4538 1042 4605 perlection.
1064 4540 1100 4591 As
1119 4539 1252 4604 pleasant,
1270 4552 1301 4589 or
1318 4539 1470 4604 profitable,

254 4617 335 4682 being
348 4632 365 4668 a
380 4616 455 4682 right
472 4618 581 4682 pumice
597 4620 683 4676 stone.
701 4621 749 4682 apt
764 4620 792 4669 to
808 4631 871 4671 rsce
886 4622 934 4669 out
952 4618 1085 4670 ldlenesse
1101 4618 1167 4668 with
1190 4619 1303 4682 delight,
1323 4619 1378 4668 and
1398 4617 1470 4669 lollie

253 4697 317 4748 nith
339 4688 519 4751 admonition.
545 4698 611 4750 Rob.
638 4698 741 4748 Grsene
764 4697 922 4751 inertibus
949 4699 1084 4765 Magister.
1112 4697 1194 4750 Omne
1221 4699 1285 4748 tutte
1313 4703 1467 4762 prunonem.

254 4778 374 4842 London,
386 4776 498 4830 Printed
511 4777 548 4842 hy
559 4777 678 4830 Thomas
692 4776 783 4830 Osirin
795 4777 837 4828 lor
848 4776 871 4830 li
876 4812 884 4828 .
898 4778 926 4829 L.
942 4778 997 4829 and
1010 4777 1083 4829 John
1095 4777 1202 4842 anble,
1218 4777 1287 4829 1590.
