3120 5474
696 430 856 494 40..

168 605 242 669 erat
273 601 476 675 edificium.
509 604 657 686 quatuor
695 601 780 667 rotis
812 605 844 667 et
875 600 1005 686 duplici
1044 598 1197 667 tabulato
1235 600 1385 669 instruc-

169 713 256 776 tum.
283 710 322 775 In
341 710 504 777 interiore
527 728 650 776 currus
673 711 768 793 parto
792 708 907 775 abdite
936 708 1089 774 latebant
1117 711 1151 773 et
1179 708 1246 774 sibi
1273 712 1386 775 vestes

168 815 358 883 induebant
383 817 522 883 scenici.
546 816 755 883 Scandentes
780 815 904 881 deiude
930 815 964 880 in
991 815 1152 899 superius
1176 815 1384 892 tabulatum,

168 928 282 1008 parles
305 923 454 1009 agebant
487 942 580 1003 suae,
613 924 740 1007 quibus
765 923 914 1006 quodam
945 921 980 986 in
1009 922 1083 987 loco
1113 921 1212 998 actis
1246 941 1387 1006 propere

168 1029 490 1115 progrediebantur,
520 1034 558 1096 ut
584 1048 657 1095 rem
683 1029 821 1113 longius
843 1032 1058 1094 renovarent.
1083 1030 1152 1094 lsto
1176 1030 1281 1095 modo
1307 1047 1386 1115 age-

169 1135 271 1201 batur
285 1134 398 1202 subula
417 1136 536 1202 eodem
562 1133 670 1200 ierruo
694 1138 858 1219 tempore,
881 1135 916 1199 ln
936 1134 1071 1200 cunctis
1098 1134 1194 1199 urbis
1215 1135 1385 1218 partibus.

170 1241 418 1309 Londinienses
438 1246 508 1308 tam
534 1241 654 1308 sedulo
680 1259 782 1325 quam
809 1241 867 1324 qui
893 1240 1043 1305 maxime
1072 1242 1268 1323 spectacula
1293 1242 1387 1307 illius

169 1347 263 1414 modi
296 1349 378 1414 dare
409 1349 576 1415 solebant.
607 1350 681 1414 Non
711 1349 823 1414 solum
855 1347 911 1412 illa
950 1345 1045 1411 feriis
1079 1347 1187 1412 sacris
1220 1348 1385 1428 edebant,

169 1455 228 1520 sed
244 1455 348 1520 etiam
364 1474 471 1540 quum
488 1453 604 1532 festos,
616 1451 777 1538 profanos
792 1454 907 1518 autem
919 1451 992 1517 dies
1008 1452 1190 1537 agitarent.
1201 1455 1388 1537 Nunquam

169 1561 431 1627 matrimonium
462 1561 597 1646 regium
619 1559 850 1635 celebrabant,
868 1563 927 1623 aut
942 1575 1059 1644 regem
1078 1557 1228 1642 bospitio
1244 1560 1389 1644 excipie-

168 1666 252 1734 bant
283 1668 368 1753 quin
399 1668 631 1751 pantomimos
665 1687 780 1734 sacros
812 1671 1027 1754 peragerent.
1064 1669 1262 1734 Incredibili
1297 1689 1388 1754 saepe

169 1773 428 1860 magnificentia
443 1774 597 1840 nitebant
613 1793 748 1853 currus
766 1777 799 1841 et
822 1794 860 1839 ea
886 1793 964 1859 quar
989 1774 1167 1860 flagitabat
1191 1777 1330 1859 tempus
1356 1780 1389 1841 et

169 1880 239 1945 illis
249 1880 466 1956 deficiebant,
483 1881 656 1966 principes
672 1881 822 1947 civitatis
835 1880 971 1965 publico
983 1883 1121 1964 sumptu
1135 1880 1386 1966 largiebantur.

169 1988 329 2073 llagnam
346 1988 581 2053 conducebant
605 2005 749 2053 manum
774 1986 1067 2052 mercenariorum
1088 1986 1147 2070 qui
1164 2005 1289 2052 currus
1305 1987 1387 2053 aedi-

168 2093 316 2160 ficabant
334 2098 366 2159 et
381 2094 561 2160 ornabant.
579 2094 650 2160 Viae
669 2111 756 2176 quas
774 2093 900 2159 scenici
917 2092 1069 2158 secuturi
1090 2095 1189 2157 eraut
1209 2094 1389 2176 praetentis

168 2201 255 2266 velis
284 2205 318 2266 et
346 2201 470 2285 pannis
492 2201 606 2266 aureis
629 2201 722 2267 velut
740 2200 899 2284 Corporis
925 2199 1096 2264 Dominicl
1122 2198 1218 2264 seriis
1247 2200 1388 2265 decora-

169 2307 306 2373 bantur.
319 2308 442 2394 llagno
455 2325 533 2373 cum
551 2312 716 2390 apparatu
732 2307 926 2391 equitantes
942 2305 1111 2389 praeibant
1126 2304 1278 2370 civitatis
1293 2306 1389 2390 prin-

168 2414 261 2497 cipes
276 2413 500 2498 vicorumque
523 2413 719 2497 optimates.
737 2414 766 2479 Α
788 2411 932 2478 musicis
952 2410 1118 2487 comitati,
1145 2410 1243 2476 lestis
1263 2412 1389 2477 clamo

168 2519 265 2585 ribus
292 2519 562 2603 excipiebantur.
588 2521 694 2585 Tanto
718 2519 864 2603 strepitu
889 2536 989 2584 voces
1018 2536 1136 2583 eorum
1162 2518 1222 2600 qui
1252 2517 1389 2584 fabulas

168 2625 316 2712 agebant
330 2626 576 2703 obruebantur,
594 2630 627 2692 et
646 2629 721 2691 tum
742 2625 816 2690 sine
833 2625 938 2690 dubio
959 2642 1069 2707 quum
1095 2625 1167 2688 haec
1191 2624 1388 2708 spectacula

169 2732 363 2810 ederentur,
381 2732 410 2797 is
425 2731 568 2797 incessit
587 2750 662 2798 mos
685 2732 786 2816 paulo
810 2732 887 2816 post
911 2730 1107 2797 communis
1127 2734 1159 2795 et
1175 2729 1285 2796 terme
1309 2731 1389 2797 uui-

170 2859 302 2918 versus,
320 2841 409 2906 utin
433 2842 546 2907 locum
566 2860 792 2926 personarum
810 2842 900 2907 iuter
915 2859 951 2906 se
966 2837 1238 2924 colloquentium
1260 2856 1388 2921 suppo-

169 2950 334 3013 nerentur
348 2947 553 3031 pantomimi
574 2947 700 3032 quibus
715 2951 835 3014 eventa
853 2947 1039 3031 Scripturas
1055 2947 1181 3011 sanctae
1193 2944 1388 3008 clarissima

169 3053 278 3119 oculis
298 3053 582 3139 subjiciebantur.
603 3054 717 3135 Quum
737 3072 826 3119 anno
846 3056 883 3118 P.
901 3054 936 3119 C.
955 3055 995 3118 N.
1014 3050 1201 3117 millesimo
1225 3050 1391 3135 quadrin-

169 3159 362 3246 gentesimo
391 3161 556 3228 vicesimo
585 3166 707 3246 quarto
738 3159 850 3246 (leat)
881 3160 951 3226 dux
979 3156 1257 3234 Bedlordiensis,
1288 3157 1388 3242 regni

169 3266 331 3352 gallicani
370 3272 586 3353 procurator,
625 3269 844 3353 triumphans
873 3265 1044 3332 Lutetiam
1073 3267 1209 3348 captam
1238 3263 1333 3341 iniit,
1369 3283 1389 3328 a

88 3438 94 3452 ,
170 3371 289 3438 fratria
318 3374 374 3440 cui
402 3375 615 3441 Parisienses
650 3374 754 3441 Pueri
786 3390 933 3450 nomen,
974 3391 1052 3455 quae
1081 3389 1117 3435 se
1144 3370 1187 3435 ad
1220 3370 1389 3453 parietem

169 3480 356 3561 quemdam
385 3482 579 3564 applicabat
607 3484 640 3546 et
671 3482 816 3546 immota
852 3478 1027 3562 silensque
1061 3476 1239 3552 manebat,
1275 3474 1388 3542 elticta

169 3583 309 3650 fuerunt
328 3587 454 3651 veteris
478 3587 626 3670 novique
648 3585 856 3652 Testamenti
878 3586 1073 3670 Mysterla1.
1096 3584 1125 3649 Α
1150 3581 1258 3647 sacris
1283 3600 1388 3668 argu-

169 3690 297 3755 mentis
312 3693 439 3756 scenici
456 3693 506 3757 illi
523 3711 602 3757 mox
612 3693 825 3758 transierunt
841 3692 884 3757 ad
900 3690 1053 3775 prolana.
1068 3690 1222 3755 Struttus
1234 3687 1386 3775 (Strutt)

169 3798 313 3863 narrat²
341 3816 463 3864 currus
492 3798 741 3864 Londinienses
779 3797 972 3882 saepissime
1009 3794 1184 3861 effinxisse
1222 3794 1384 3873 castella,

169 3906 313 3992 palatia,
339 3907 456 3972 hortos
486 3911 519 3974 et
553 3908 667 3993 sylvas
693 3909 729 3973 in
759 3909 886 3991 quibus
910 3905 1175 3973 ostenderentur
1204 3901 1385 3986 Nymphae,

171 4014 299 4090 Fauni,
326 4014 449 4098 Satyri,
477 4014 531 4079 Dii
555 4017 713 4100 Deaeque,
742 4015 867 4099 Angeli
894 4016 927 4080 et
954 4011 1086 4078 Diaboli
1111 4029 1130 4075 a
1160 4007 1385 4094 Gigantibus,

171 4119 402 4204 sylvestribus
415 4120 624 4196 bominibus
642 4121 869 4198 DraconibuS,
887 4120 1033 4195 Sanctis
1051 4115 1230 4192 llilitihus,
1249 4113 1389 4178 Scurris

171 4230 204 4291 et
218 4227 471 4293 Pumilionibus
487 4227 652 4293 comitati.
672 4227 859 4292 Fabulares
876 4230 1053 4309 poetarum
1070 4238 1263 4310 graecorum
1278 4236 1390 4284 roma-

171 4348 363 4416 norumque
388 4332 541 4398 historiae
560 4336 594 4397 et
617 4330 868 4397 commenticiae
893 4329 1107 4395 narrationes
1131 4344 1248 4392 rerum
1273 4325 1390 4391 medio

171 4454 243 4503 aevo
266 4442 443 4523 gestarum
469 4456 487 4503 a
508 4437 678 4504 militibus
699 4436 826 4522 quibus
845 4436 979 4519 equites
997 4431 1227 4519 (chevaliers)
1244 4449 1387 4509 nomen,

203 4703 212 4736 ¹
229 4672 356 4760 Warton,
372 4699 422 4750 loo.
438 4700 494 4762 cit,
509 4700 562 4751 vol.
581 4701 612 4762 ΙΙ,
627 4714 654 4765 p.
670 4699 710 4749 26.

201 4778 213 4813 ²
229 4778 324 4843 Negat.
337 4779 393 4829 and
403 4780 604 4853 Ecclesiastical
618 4777 784 4844 Antiquitiec
801 4777 834 4841 of
844 4774 983 4840 Enpland,
997 4773 1066 4836 lna,
1080 4774 1114 4823 4⁰.
