3120 5474
697 372 854 438 ..23-

169 544 274 632 priori
291 566 490 615 successura
505 550 590 619 erat,
607 546 761 613 nondum
785 546 932 613 firmiter
950 548 1137 615 constituta
1153 547 1268 627 luerat,
1281 548 1345 616 unte

169 652 271 719 nebat
286 658 321 720 ut
334 660 466 719 mentes
477 653 746 719 etaniminullis
756 654 860 720 certis
870 654 1006 741 legibus
1016 659 1189 740 parerent.
1201 656 1345 733 Praeterea,
1384 720 1387 727 .

168 778 276 844 quum
302 760 425 847 religio
449 765 481 825 et
505 778 618 825 mores
643 778 661 825 a
689 759 845 844 patribus
873 760 998 827 tradita
1026 760 1190 828 derelicta
1212 760 1346 847 jacerent,
1385 760 1388 765 '

168 884 289 951 graecae
319 866 500 949 latinaeque
524 866 647 931 litterae
673 864 706 930 in
732 883 907 931 summam
928 866 1158 933 reverentiam
1177 867 1219 932 ab
1236 864 1348 933 eruditis
1390 926 1393 933 .

169 972 347 1050 restitute,
365 972 545 1037 lenociniis
564 972 637 1036 suis
657 971 795 1037 illorum
815 971 950 1037 animos
975 974 1206 1057 corruperunt
1225 976 1256 1038 et
1271 971 1348 1037 licen·
1388 968 1394 1043 ’.

169 1077 252 1144 tiam
293 1080 620 1143 consummmerunt
655 1077 728 1163 jam
767 1077 1000 1144 immodicam.
1036 1079 1248 1163 Quapropter
1275 1074 1350 1143 multi

169 1184 368 1269 scriptores
395 1184 419 1250 ii
444 1184 635 1269 pracsertim
658 1184 717 1268 qui
739 1182 883 1268 juvenes
907 1187 1005 1250 erant
1032 1187 1067 1250 et
1092 1183 1230 1271 ingenio
1251 1182 1352 1249 fervido
1396 1200 1399 1207 ·

168 1290 398 1375 ellrenalaque
436 1294 557 1356 natura
595 1290 628 1354 in
664 1289 849 1355 libidinum
889 1289 1195 1374 intemperantiam
1231 1288 1352 1365 inducti,

169 1395 291 1462 harum
325 1396 463 1462 insidiis
492 1395 580 1479 capti
609 1393 760 1461 luerunt.
786 1395 949 1461 Veterum
972 1394 1083 1474 vitiis,
1109 1412 1178 1462 non
1200 1394 1356 1463 virtutibus

168 1501 321 1579 1101011111,
339 1501 462 1587 pagani
480 1499 558 1565 iacti
575 1504 667 1578 sunt,
684 1517 753 1566 non
769 1500 881 1567 solum
898 1500 1051 1587 ingenio,
1070 1501 1132 1567 sed
1156 1500 1260 1568 etiam
1276 1498 1357 1567 mori·

168 1608 244 1673 bus.
262 1608 304 1673 Se
320 1608 354 1673 in
371 1607 500 1693 llagitia
523 1607 795 1693 ingurgitarunt,
816 1607 993 1690 vitamque
1013 1624 1115 1673 suam
1137 1608 1283 1695 lugenda
1298 1622 1360 1673 eun
1409 1654 1413 1663 .

167 1713 347 1799 diligentia
363 1714 667 1779 accommodarunt
682 1712 724 1777 ad
741 1712 927 1798 religiones
943 1731 1035 1792 suas,
1058 1712 1086 1778 si
1102 1713 1245 1797 quidem
1262 1711 1362 1798 religia

168 1819 339 1885 nominari
364 1819 473 1903 possit
496 1818 650 1885 doctrina
674 1837 742 1903 qua
766 1836 886 1884 omnes
909 1818 1018 1885 divini
1043 1819 1171 1897 cultus,
1198 1834 1365 1903 omnesque

168 1924 401 1992 benevivendi
414 1924 564 1989 rationes
575 1930 793 2008 respuantur.
806 1926 1011 2003 Nectamen,
1023 1924 1365 2009 utopinatur'lainus,

167 2032 210 2097 ad
230 2034 362 2097 tantam
383 2030 557 2096 licentiam
578 2030 679 2097 modo
697 2029 837 2114 impulsi
857 2032 938 2095 sunt
952 2032 1085 2095 naturae
1100 2030 1241 2117 legibus
1261 2031 1311 2097 vel
1328 2029 1369 2095 in-

167 2138 243 2204 dole
271 2138 308 2203 in
341 2137 469 2203 animis
497 2137 626 2203 nostris
655 2136 779 2215 insita,
810 2133 950 2223 ingenio
978 2139 1094 2202 autem
1124 2136 1228 2221 euJus
1260 2138 1374 2203 innata

168 2245 302 2311 mendae
328 2244 363 2310 in
393 2244 619 2310 immoderata
648 2241 729 2309 vitia
763 2260 935 2309 conversae
971 2240 1108 2308 fuerant
1140 2243 1322 2329 praeoeptis
1348 2245 1377 2309 et

168 2350 336 2435 exemplis
359 2367 554 2437 ganconum
584 2347 867 2415 Londiniensium
890 2347 1107 2433 turpissimis
1133 2350 1267 2435 stupris
1289 2349 1376 2417 dedi-

169 2458 295 2523 torum.

213 2563 264 2627 Ex
292 2561 351 2627 illo
383 2561 509 2627 mentis
538 2561 656 2628 habitu
684 2561 756 2646 qui,
784 2578 854 2628 non
878 2560 921 2626 iis
946 2558 1128 2644 proprius,
1165 2560 1202 2626 in
1227 2561 1383 2629 omnibus

168 2667 273 2751 hujus
295 2668 405 2733 aetatis
430 2668 629 2735 hominibus
648 2669 727 2753 plus
753 2667 871 2733 minus
889 2665 1075 2745 eminebat,
1098 2670 1262 2735 secutum
1281 2671 1386 2735 estut

169 2792 247 2839 cum
265 2773 456 2856 aequalibus
467 2774 539 2839 suis
551 2773 667 2858 plures
680 2771 862 2837 habuerint
874 2789 995 2837 sensus
1006 2789 1225 2853 communes,
1239 2793 1386 2860 quorum

168 2897 231 2963 ope
254 2881 297 2946 ad
326 2880 468 2963 plausus
497 2880 613 2965 populi
639 2880 826 2945 movendos
850 2879 1091 2962 pervenerunt.
1118 2879 1237 2959 Quum
1267 2900 1389 2949 sensus

168 2984 246 3050 illos
261 2986 504 3070 exprimerent,
523 3004 750 3070 quaecumque
765 2986 863 3050 erant
883 3002 937 3049 res
953 3002 1039 3067 quas
1055 3002 1174 3051 secum
1189 2988 1387 3063 volvebant,

169 3092 398 3176 spectantium
431 3092 565 3157 animos
602 3092 740 3177 penitus
774 3090 980 3156 excitabant.
1015 3090 1130 3171 Quum
1163 3091 1390 3161 vehementes

168 3198 396 3283 cupiditatum
431 3199 581 3283 impetus
611 3217 689 3283 quae
729 3197 824 3283 genti
861 3215 933 3262 suae
974 3195 1167 3280 peculiares
1205 3202 1314 3283 sunt,
1349 3198 1391 3267 ad

169 3323 346 3371 summum
371 3305 544 3383 tollerent,
571 3323 625 3370 res
648 3303 863 3370 intuentibus
888 3321 951 3368 nec
978 3301 1067 3367 mira
1095 3303 1299 3385 videbatur,
1331 3323 1393 3373 nee

169 3431 270 3477 aures
299 3431 417 3479 eorum
447 3411 650 3477 offendebat.
687 3410 810 3477 Nullus
839 3411 910 3474 erat
932 3408 1022 3474 inter
1044 3410 1195 3492 aequales
1224 3411 1302 3494 qui,
1330 3430 1392 3479 nea

169 3519 306 3584 eosdem
328 3518 513 3583 libidinum
537 3520 651 3583 motus
673 3516 893 3601 percepisset,
910 3532 973 3581 nec
995 3513 1165 3581 terribiles
1182 3533 1289 3584 oasus
1304 3537 1393 3604 quos

169 3624 276 3689 edunt
289 3623 444 3689 vidisset.
461 3623 572 3703 Quum
596 3624 620 3688 ii
638 3624 697 3707 qui
717 3622 850 3689 fabulas
866 3621 1063 3687 scribebant
1078 3639 1140 3686 suo
1155 3620 1277 3689 animo
1293 3623 1392 3691 elire-

169 3731 250 3794 nato
266 3728 534 3794 sollicitarentur
548 3730 592 3794 ad
608 3747 728 3795 omnes
743 3729 817 3795 vias
833 3727 1003 3793 ineundas
1017 3728 1050 3792 et
1065 3727 1107 3792 ad
1124 3731 1337 3813 argumenta
1349 3749 1391 3797 ex

169 3834 367 3901 auctoribus
391 3835 548 3901 omnium
563 3836 720 3922 gentium
737 3836 790 3902 vel
812 3837 953 3900 aetatum
973 3833 1142 3911 ducenda,
1168 3833 1255 3901 vitio
1275 3835 1394 3923 gentis

169 3943 203 4007 et
231 3939 342 4006 aetatis
367 3959 439 4009 suae
462 3959 499 4006 se
522 3940 703 4007 dedebant.
737 3940 920 4025 Proprium
948 3939 1012 4005 1100
1040 3941 1091 4005 est
1121 3938 1283 4026 gentium
1313 3961 1394 4027 quae

169 4049 338 4132 ruperunt
356 4046 494 4112 vincula
514 4047 632 4133 legum
651 4067 669 4113 a
695 4045 884 4132 majoribus
905 4044 1111 4111 traditarum
1135 4045 1272 4111 nescire
1297 4048 1393 4115 unde

170 4171 266 4219 sacra
286 4155 424 4219 sument
446 4153 593 4238 vitaeque
623 4153 854 4238 disciplinam,
881 4155 915 4218 et
940 4151 1056 4218 omnia
1089 4151 1214 4218 itinera
1238 4153 1391 4221 tentare.

170 4259 250 4325 Haec
278 4262 488 4325 tentamenta
517 4261 644 4341 levant,
675 4261 802 4326 nedum
832 4261 967 4336 vexent,
994 4260 1115 4345 gentes
1148 4257 1204 4323 his
1232 4259 1393 4327 motibus

172 4365 336 4442 turbatae,
368 4365 542 4448 quoddam
568 4367 660 4431 enim
684 4365 792 4432 animi
817 4365 970 4431 studium
997 4363 1158 4448 explent:
1185 4363 1392 4450 ignotarum

171 4489 288 4535 rerum
322 4470 415 4536 sitim
445 4488 522 4554 quae
560 4471 716 4537 homines
754 4470 982 4554 praesentibus
1015 4471 1175 4554 gravatos
1212 4470 1392 4554 sortisque

171 4576 293 4642 laturae
316 4576 448 4641 nescios
473 4575 614 4640 cruciat.
640 4578 725 4641 Tum
750 4576 854 4641 etiam
879 4592 986 4658 quum
1012 4574 1035 4637 ii
1056 4575 1114 4656 qm
1142 4572 1278 4639 fabulas
1299 4576 1390 4642 scri-

170 4681 296 4747 bebant
320 4681 470 4745 maxima
495 4698 574 4746 cum
600 4681 813 4765 impudentia
845 4682 1084 4765 oppugnarent
1112 4678 1228 4744 omnia
1261 4697 1343 4765 quae
1370 4700 1392 4748 a
