3120 5474
687 382 862 445 —162—

173 551 310 618 dantur.
331 551 414 615 Cum
433 549 576 635 Regina,
594 549 686 635 regis
700 556 821 627 nuatre,
844 549 984 616 Guisius
1000 552 1133 636 placido
1150 551 1255 618 animo
1267 569 1334 618 cons-

174 657 261 741 pirat
278 656 311 722 in
328 657 455 722 caedem
470 656 580 722 Caroli
597 655 677 721 nom
694 656 766 739 uyui,
788 656 887 739 paulo
906 661 994 740 post,
1015 657 1051 723 in
1074 676 1209 724 scenam
1226 656 1336 724 defertur

170 762 240 847 jam
256 762 445 828 exstinctus
462 780 601 839 veneno,
618 766 651 828 et
667 761 833 827 ilenricus
848 763 981 841 tertius,
998 763 1040 830 de
1056 764 1336 840 Poloniareduotus,

173 867 302 954 insigni
326 868 419 953 regio
443 866 623 933 evincitur.
653 868 748 933 Unus
772 885 813 931 ex
836 866 1118 935 familiarissimis
1144 869 1230 956 ejus,
1256 871 1338 955 liuge-

173 991 290 1051 ronus‚
310 972 437 1039 Guisiae
452 973 603 1039 Ducissae
626 991 776 1037 amorem
801 972 865 1037 sibi
890 974 1096 1052 conciliavit,
1123 978 1155 1041 et
1181 975 1341 1053 Ducissa,a

172 1080 263 1145 Duce
287 1080 498 1163 deprehensa
521 1079 603 1146 dum
629 1080 812 1166 hlugerono
839 1079 968 1157 scribit,
995 1080 1135 1167 conjugi
1160 1099 1220 1148 suo
1245 1081 1342 1146 litteras

172 1185 306 1251 tradere
320 1185 465 1272 cogitur.
482 1186 555 1251 Dux
571 1188 732 1251 craterum
748 1185 790 1250 ad
806 1185 1030 1271 hlugeronum
1047 1205 1107 1271 per
1121 1185 1344 1271 dolumcapien-

172 1291 255 1357 dum
270 1309 338 1357 non
353 1310 425 1358 suae
440 1293 556 1357 uxoris
572 1309 673 1376 opera
689 1291 809 1356 utitur.
827 1292 870 1357 Ut
889 1291 1065 1358 ducissam
1087 1293 1229 1360 inducat
1241 1293 1277 1359 ad
1289 1307 1344 1357 eum

171 1398 206 1464 in
222 1397 378 1464 fraudem
392 1397 604 1464 mortiferam
620 1397 833 1463 illiciendum
849 1415 918 1463 non
937 1397 1008 1463 vim
1028 1398 1170 1465 adhibet
1188 1404 1221 1465 et
1234 1396 1346 1484 injurias

171 1503 296 1587 quibus
321 1505 440 1584 utitur,
469 1504 625 1569 eamdem
649 1522 721 1568 rem
747 1503 894 1590 agitans,
920 1521 1010 1570 unus
1029 1524 1048 1571 e
1070 1505 1306 1572 recentioribus
1325 1504 1348 1566 et

171 1610 416 1677 illustrissimis
431 1611 510 1676 novi
530 1608 696 1675 dramatis
717 1609 940 1693 scriptoribus
967 1608 1194 1696 (Alexandro
1213 1607 1347 1694 Domus),

171 1721 293 1801 etquae
319 1719 449 1782 tantam
473 1715 729 1781 miserationem
754 1718 968 1782 commovent
990 1735 1099 1801 quum
1125 1717 1240 1805 agitur
1261 1714 1352 1783 fabula

171 1823 225 1889 cui
251 1824 432 1889 Henrfcus
458 1824 588 1888 tertius
616 1824 649 1887 et
674 1822 772 1888 Aulo
800 1821 878 1906 ejus
910 1820 1039 1908 (Heorf
1060 1825 1121 1890 ΙΙΙ
1147 1828 1181 1890 et
1208 1844 1248 1891 so
1273 1818 1351 1907 cour)

170 1929 305 1995 titulus
322 1930 361 1994 ln
379 1929 587 1996 Portsfenst
602 1927 709 1996 Ooede
730 1927 818 1993 nihil
841 1927 934 1993 aliud
957 1928 1100 1995 molitur
1114 1929 1184 1995 nisi
1200 1931 1267 1996 dux
1280 1928 1357 2015 pouit

170 2034 207 2100 in
229 2035 374 2102 statione
393 2034 522 2100 milites
546 2033 606 2117 qui
631 2033 780 2120 pugione
804 2035 1027 2120 ltlugeronum
1053 2020 1250 2119 percutiunt
1270 2051 1359 2122 quum

170 2138 326 2208 Ducissae
345 2158 544 2228 gynaeceum
566 2140 682 2204 intrat.
710 2141 852 2215 interea,
879 2139 1020 2207 affertur
1043 2141 1207 2208 nuntium
1228 2141 1362 2230 ingentis

171 2246 322 2312 victoriae
346 2266 365 2313 a
389 2264 487 2312 novae
512 2245 690 2331 religionis
713 2244 903 2310 fautoribus
927 2246 1123 2330 deportatae.
1155 2250 1230 2314 Dux
1254 2249 1365 2315 locun*

170 2353 340 2420 diacensis
366 2351 457 2438 (Duc
481 2353 527 2418 de
549 2350 715 2436 joyeuse)
738 2350 810 2417 acie
829 2355 1053 2436 consumptus
1071 2357 1134 2418 est.
1153 2355 1237 2435 Res,
1257 2356 1366 2422 aduce

170 2458 399 2543 Sparnonensi
444 2456 659 2544 (Epernoa)
698 2457 886 2535 excitatus,
930 2475 1089 2542 expresse
1125 2460 1307 2545 pollicetur
1339 2478 1370 2527 se

170 2565 288 2631 Guisio
303 2565 387 2630 [luci
409 2581 528 2630 necem
552 2563 736 2629 allaturum
761 2582 847 2629 esse.
873 2564 944 2644 Quo
964 2563 1063 2644 facto,
1089 2566 1133 2631 ad
1156 2567 1275 2633 Blesas
1298 2586 1369 2636 con-

170 2669 270 2758 fugit,
291 2669 480 2737 concedens
498 2669 626 2735 Guislae
644 2669 723 2735 duci
748 2673 785 2734 ut
805 2670 955 2736 Lutetias
977 2670 1189 2738 Parisiorum
1213 2677 1372 2758 potestate

170 2776 305 2843 habeat.

213 2884 243 2949 Α
259 2884 350 2949 tertii
367 2884 463 2949 actus
478 2882 588 2959 initio,
607 2884 739 2967 incepta
756 2887 976 2967 peraguntur.
989 2883 1136 2950 Assidue
1151 2885 1194 2951 ad
1210 2886 1375 2954 ulciscen-

169 2989 252 3055 dum
271 2988 443 3074 impulsus
464 3008 482 3054 a
503 2989 732 3072 Sparnonensi
751 2990 852 3063 duce,
879 2989 937 3071 qui
957 2989 1155 3074 egressibus
1174 2990 1250 3076 ejus
1270 2993 1377 3061 adhae

169 3095 282 3174 rescit,
299 3113 359 3160 rex
370 3094 467 3180 jubet
482 3095 646 3160 custodiae
661 3112 731 3160 suae
745 3093 867 3159 ducem
883 3100 916 3159 et
931 3097 999 3160 tres
1014 3095 1157 3161 sicarios
1171 3101 1317 3180 arcessi;
1334 3101 1377 3166 iis

168 3221 231 3268 sua
241 3201 299 3267 dat
311 3201 484 3267 mandata.
502 3199 608 3266 Paulo
622 3205 711 3285 post,
727 3200 867 3266 Guisius
887 3201 956 3265 dux
981 3203 1179 3284 supervenit
1202 3205 1246 3272 ad
1260 3204 1377 3293 regem

168 3326 187 3373 e
201 3308 288 3374 lecto
304 3310 503 3393 surgentem
519 3308 751 3372 salutandum.
768 3308 838 3371 Rex
854 3307 932 3372 duci
947 3312 1147 3393 arroganter
1160 3309 1237 3376 vale
1251 3312 1335 3378 dicit
1344 3315 1378 3379 et

168 3414 248 3492 exit,
262 3432 341 3479 eum
357 3413 508 3498 praedam
524 3412 721 3497 relinquens
738 3411 872 3478 sicariis
887 3412 946 3497 qui
960 3430 1040 3478 mox
1055 3412 1182 3479 iterum
1197 3421 1375 3502 apparent.

168 3520 255 3599 Dur,
271 3519 393 3585 educto
408 3518 535 3606 gladio,
553 3519 624 3585 vim
641 3518 773 3584 illatam
784 3517 915 3584 fortiter
929 3517 963 3584 vi
979 3517 1124 3603 repellit.
1142 3520 1245 3588 Brevi
1262 3526 1378 3591 tamen

168 3644 294 3713 pugnae
308 3624 512 3706 succumbit,
529 3629 563 3690 et
577 3624 675 3690 humi
696 3642 819 3708 corpus
842 3623 916 3709 ejus
938 3624 1180 3710 prosternitur.
1206 3629 1312 3709 Tunc,
1333 3630 1378 3696 ab

169 3750 236 3798 uno
252 3731 455 3798 sicariorum
470 3734 610 3818 rogatus
625 3736 662 3797 ut
681 3732 833 3796 animam
848 3747 947 3797 suam
965 3731 1032 3815 Deo
1047 3734 1266 3801 commendet
1279 3738 1376 3802 ante-

168 3856 273 3921 quam
286 3837 465 3915 moriatur,
483 3842 516 3902 et
528 3837 621 3922 regis
636 3836 772 3903 veniam
789 3839 958 3922 exposcat,
977 3836 1169 3904 exclamat:

289 4024 399 4089 Gaiae.
415 4023 551 4086 Trouble
566 4045 616 4086 me
630 4032 685 4087 not
693 4047 702 4101 ;
721 4028 735 4086 l
750 4025 836 4088 ne’er
850 4025 992 4088 offended
1006 4027 1085 4105 him,

284 4124 354 4185 Nor
368 4122 433 4184 vun'll
448 4126 462 4184 l
478 4124 537 4184 ask
552 4121 751 4202 forgiveness
766 4122 800 4185 of
811 4125 863 4185 the
875 4124 964 4204 king.

286 4221 325 4295 Ο,
341 4222 409 4282 that
422 4223 436 4281 l
451 4221 533 4282 have
548 4230 603 4282 not
617 4240 726 4301 power
740 4231 771 4283 to
787 4234 855 4301 stay
871 4241 925 4301 my
939 4219 1002 4300 lile,

285 4324 354 4385 Nor
367 4320 574 4400 immortality
588 4328 619 4382 to
632 4321 669 4383 be
684 4322 842 4402 revenged
855 4325 861 4382 1

285 4424 331 4482 To
349 4420 398 4481 die
412 4418 453 4498 by
467 4428 626 4500 peasants,
643 4419 730 4480 what
744 4439 764 4480 a
775 4418 859 4500 grief
869 4419 897 4480 is
914 4419 976 4480 this
989 4421 995 4479 l

284 4520 353 4579 nht
372 4518 492 4589 sixtus,
508 4516 546 4577 be
561 4516 710 4598 reveng’d
723 4536 810 4599 upon
824 4518 877 4579 the
891 4516 969 4597 king
981 4518 988 4576 l

284 4616 386 4696 Philip
400 4615 463 4677 and
477 4616 605 4692 Parma,
623 4616 637 4674 l
653 4634 704 4676 am
720 4615 802 4677 slain
816 4613 865 4677 for
878 4633 941 4694 you
953 4616 960 4674 l

284 4712 377 4792 Pope,
394 4711 677 4792 excommunicate,
692 4713 806 4793 Philip,
818 4712 934 4793 depose
