3120 5474
665 399 824 468 ..qq-

138 579 209 642 tam
224 573 361 663 exiguis
375 573 566 644 intervallis
579 574 702 642 divisis
716 578 802 643 actas
815 576 896 642 sunt
911 572 1037 642 labulae
1054 571 1143 661 ejus,
1158 576 1197 642 ut
1209 591 1322 642 necesse

139 681 297 749 habuerit
324 701 361 749 se
393 682 573 763 maximis,
603 681 671 748 uisi
699 683 780 749 totis
807 681 941 749 viribus
968 682 1108 766 totoque
1135 681 1245 749 animo
1274 680 1322 747 arti

137 789 282 857 soeuicae
309 790 445 857 dedere.
485 792 621 876 Paynus
657 789 825 857 Collierus
848 787 1025 856 existimat
1055 806 1137 855 eum
1163 788 1325 873 quamdam

136 914 273 982 quoque
287 896 439 964 fabulam
455 897 647 983 scripsisse,
666 915 745 982 quae
762 896 853 964 circa
878 896 970 963 idern
992 899 1131 982 tempus
1155 914 1194 962 ac
1215 896 1327 961 lamer-

137 1004 237 1070 lanus
251 1004 288 1071 in
304 1023 442 1072 scenam
459 1004 597 1071 inducta
613 1003 747 1085 luisset,
769 1002 868 1089 cujus
881 1002 998 1081 verba,
1020 1007 1059 1069 ut
1078 1002 1262 1070 verisimile
1277 1004 1325 1078 est,

136 1111 295 1178 versibus
310 1130 378 1179 non
393 1112 662 1180 consonantibus
686 1111 958 1188 includerentur,
975 1113 1009 1176 et
1027 1127 1135 1196 quam
1154 1109 1284 1195 oblique
1298 1126 1329 1174 ac

136 1218 280 1285 obscure
292 1222 540 1286 commemorat
558 1219 711 1286 Greenus
735 1218 770 1285 in
796 1216 991 1302 insequenti
1015 1216 1089 1285 loco
1115 1216 1220 1284 libelli
1241 1216 1329 1284 Peri·

136 1326 258 1392 medes
287 1326 347 1392 the
373 1325 601 1394 Btaclcsmitb
625 1325 781 1411 inscripti
809 1323 934 1412 (1588),
955 1341 1024 1410 quo
1042 1324 1174 1410 pariter
1197 1342 1235 1390 ac
1255 1322 1330 1389 Nasb

136 1432 299 1500 llarlovio
316 1433 491 1501 insensum
507 1452 544 1500 so
559 1433 733 1501 ostendit:

178 1588 192 1620 α
209 1568 222 1628 l
239 1565 331 1629 could
346 1574 402 1629 not
417 1569 510 1630 make
525 1587 578 1647 my
596 1584 706 1630 verses
717 1567 763 1647 J'et
776 1584 819 1629 on
834 1564 886 1628 the
901 1571 990 1648 stage
1004 1565 1039 1628 in
1054 1565 1188 1647 tragical
1203 1563 1329 1641 buslius,

136 1683 231 1743 every
245 1664 335 1726 word
349 1664 452 1746 filling
465 1666 518 1727 the
532 1665 641 1729 mouth
657 1665 720 1728 like
732 1665 785 1727 the
799 1662 952 1727 laburden
976 1661 1010 1727 ol
1029 1664 1212 1737 Bon-Bell,
1235 1661 1332 1741 dariug

137 1761 206 1824 God
221 1770 276 1825 out
291 1763 423 1825 Heaven
437 1763 516 1826 with
530 1763 597 1826 that
619 1763 734 1827 atheist
755 1761 963 1838 Tamburlan,
978 1780 1016 1825 or
1033 1761 1256 1843 blasphemiug
1267 1758 1331 1822 with

136 1860 188 1923 the
201 1859 274 1922 mad
289 1861 389 1943 priest
402 1861 437 1925 ol
448 1861 502 1924 the
519 1881 583 1926 sun
593 1859 615 1924 ¹.
634 1886 647 1917 ›

180 1993 214 2061 Si
235 1998 430 2080 temporum
445 1995 574 2082 gradus
589 1995 644 2061 his
660 1995 773 2063 verbis
792 1993 918 2063 servati
942 1995 976 2062 et
993 1993 1102 2061 notati
1121 1997 1214 2073 sunt,
1236 1995 1331 2080 poste·

136 2101 209 2169 rius
224 2101 344 2169 drama
358 2103 560 2169 Tamerlano
571 2101 645 2189 jam
661 2106 735 2170 acto
755 2102 791 2169 in
811 2120 949 2170 scenam
973 2100 1156 2169 inductum
1183 2100 1257 2168 fuit.
1279 2099 1332 2166 Sed

135 2209 227 2294 quod
246 2209 378 2276 nullam
404 2209 507 2276 aliam
528 2209 695 2277 habemus
718 2210 906 2289 notionem,
932 2212 1056 2295 praeter
1076 2209 1140 2276 boo
1159 2208 1329 2275 obscurum

136 2315 318 2398 indicium,
340 2315 465 2384 fabulae
489 2317 559 2383 illac
582 2336 659 2402 quae
680 2316 770 2403 Jacet
789 2317 825 2383 in
850 2316 1039 2398 oblivione,
1063 2319 1109 2395 et,
1132 2315 1207 2382 sine
1229 2303 1335 2388 dubio,

137 2423 246 2490 deleta
257 2423 323 2491 luit
337 2424 478 2509 perinde
494 2443 533 2492 ao
549 2424 668 2491 multae
685 2425 810 2492 iisdem
820 2423 1034 2509 temporibus
1049 2423 1201 2508 scriptae,
1212 2425 1245 2490 et
1256 2419 1333 2507 quod

136 2531 178 2598 de
198 2530 257 2597 illo
272 2531 361 2597 Solis
380 2531 573 2610 Sacerdote,
594 2549 737 2617 prorsus
756 2531 844 2598 nibil
863 2531 1040 2598 memoriae
1059 2530 1262 2597 mandatum
1280 2530 1332 2604 est,

136 2638 243 2724 Payni
271 2638 407 2704 Collieri
435 2637 641 2724 conjecturae
667 2639 843 2719 notandae,
876 2639 935 2706 sed
960 2655 1070 2724 neque
1093 2636 1333 2725 vituperandae,

136 2762 248 2831 neque
261 2745 446 2829 probandae
460 2749 553 2813 sunt.

180 2851 334 2918 Secunda
349 2852 557 2921 Marloviana
579 2853 723 2921 fabula:
748 2854 820 2921 The
847 2853 1021 2941 Trcqiccl
1047 2854 1202 2940 History
1231 2850 1273 2939 os
1290 2850 1339 2918 tlte

134 2957 219 3044 Life
238 2958 316 3025 and
333 2958 452 3026 Deatb
470 2957 513 3044 os
523 2961 656 3026 Doctor
669 2960 843 3037 Faustus,
867 2958 970 3044 paulo
993 2963 1069 3044 post
1092 2959 1339 3037 Tamerlanum,

136 3072 187 3148 et,
211 3072 250 3135 ut
270 3068 459 3136 verisimile
482 3071 550 3148 est,
576 3085 666 3134 anno
689 3071 870 3154 sequente,
897 3072 972 3135 acta
995 3067 1077 3147 fuit,
1107 3085 1171 3132 nec
1199 3066 1343 3132 minores

135 3177 277 3261 plausus
292 3175 464 3244 excitavit.
486 3177 650 3260 Prospera
670 3174 774 3261 hujus
789 3175 1129 3243 fortuna-Marlovius
1149 3191 1252 3241 suam
1267 3172 1345 3239 bene

136 3283 269 3350 fabulas
285 3283 458 3351 scribendi
473 3282 602 3350 famam
618 3281 776 3351 confecit.
792 3282 909 3350 Multis
924 3282 1080 3369 partibus
1096 3282 1200 3368 longe
1213 3281 1346 3347 Tarner-

136 3391 255 3459 lanum
270 3391 460 3470 antecellit,
477 3388 654 3476 quamviS,
671 3392 710 3456 ut
720 3389 809 3456 inira
824 3390 950 3471 dicam,
963 3388 1132 3476 posterior
1146 3386 1264 3455 fabula
1275 3387 1349 3474 plus

135 3516 232 3583 aequo
242 3499 427 3566 detrectata
438 3497 554 3577 luerit,
567 3499 600 3564 et
615 3515 776 3583 prospera
787 3494 861 3582 ejus
876 3496 1012 3564 fortuna
1028 3498 1096 3563 tota
1108 3494 1155 3562 sit
1169 3493 1352 3562 tribuenda

135 3623 198 3672 nec
212 3604 307 3672 vitiis
322 3604 412 3690 plebi
428 3605 549 3693 gratis
567 3623 631 3671 nec
645 3605 750 3671 etiam
770 3604 932 3673 maximis
947 3605 1099 3671 motibus
1117 3622 1206 3690 quas
1230 3605 1351 3672 Marlo·

136 3712 213 3780 vius
242 3713 464 3780 concitaverit
495 3712 532 3780 in
560 3713 790 3779 litteratorum
822 3712 945 3780 castris
983 3716 1016 3779 et
1052 3712 1089 3778 iu
1125 3711 1227 3796 plebe
1260 3712 1352 3797 ipsa,

136 3818 303 3887 dramatis
323 3819 377 3885 sui
400 3819 504 3887 verba
527 3819 685 3887 versibus
707 3838 777 3887 non
800 3819 962 3886 similiter
978 3818 1218 3887 desinentibus
1242 3819 1353 3887 inclu-

137 3926 261 4004 dendo,
278 3944 334 3992 res
351 3925 445 3993 enim
460 3927 503 3992 ab
518 3926 561 3993 iis
575 3927 636 4012 qui
651 3925 785 3993 fabulas
800 3927 837 3992 in
857 3944 995 3994 scenam
1014 3924 1190 4012 publicam
1210 3925 1356 3994 induxe-

129 4036 219 4100 runt
245 4033 400 4101 nondum
428 4035 558 4100 tentata
586 4032 708 4100 luerat.
736 4034 864 4101 Verum
893 4033 983 4100 inter
1011 4034 1073 4100 has
1101 4031 1238 4099 fabulas
1266 4033 1356 4101 illud

137 4139 367 4226 interponitur
380 4140 568 4208 discrimen
583 4141 675 4226 quod
690 4140 784 4225 prior
798 4139 928 4225 majore
943 4141 1086 4208 scientia
1105 4158 1217 4207 scenae
1232 4140 1355 4208 enitet.

139 4248 365 4315 Tamerlanus
384 4265 469 4333 opus
488 4250 540 4314 est
555 4247 693 4333 juvenis
714 4247 774 4332 qui
793 4247 925 4313 nullam
945 4247 1048 4314 habet
1034 4250 1183 4313 trerum
1199 4247 1356 4315 scenica-

38 4367 111 4428 olm
138 4369 217 4419 uum
244 4356 303 4419 not
305 4353 437 4436 ionem,
468 4355 554 4438 praet
555 4371 592 4418 er
626 4351 704 4420 eam
731 4346 808 4462 qud
836 4352 969 4420 fabulas
1003 4353 1148 4440 legendo
1185 4353 1358 4437 consequi

137 4461 195 4546 pot
197 4457 293 4539 uit,e
295 4461 417 4527 tinter
431 4460 582 4528 rationes
596 4459 723 4544 quibus
737 4460 863 4528 dedunt
849 4463 906 4526 tus
929 4459 979 4527 lui
1003 4459 1046 4526 ad
1071 4476 1147 4524 eam
1171 4459 1357 4546 cogitatio-

137 4583 231 4647 nem,
252 4571 290 4634 ut
313 4569 509 4650 Marlovius,
531 4584 640 4652 quum
665 4566 824 4637 Londinii
844 4566 988 4649 venerit,
1012 4563 1291 4634 Tamerlauum
1278 4584 1356 4653 Jam

170 4771 180 4810 ¹
193 4771 283 4837 Payne
295 4770 401 4838 collier,
413 4772 464 4826 loo.
479 4772 525 4826 cit.
538 4771 602 4838 vol,
615 4772 645 4833 ΙΙ,
658 4786 685 4838 p.
697 4771 753 4825 490.
