3120 5474
761 366 979 439 .—-lao-

287 545 405 614 11111
425 546 584 630 Benpoy
603 548 638 613 11
660 543 729 612 Τ111
750 542 912 612 Comicol
930 542 1081 626 Historp
1102 539 1145 626 os
1159 539 1378 626 Alpheosus,
1396 540 1479 626 Kioq

288 652 331 738 os
340 653 512 739 Arrupon
528 650 709 718 manifesto
726 650 864 736 scripsit
884 652 922 716 ut
941 649 1057 715 aemuli
1079 647 1131 714 sui
1152 647 1273 713 laudes
1291 651 1325 714 et
1347 650 1480 732 questus

288 757 521 825 imminueret.
552 758 636 824 Rem
669 759 787 824 notare
816 755 936 843 magni
965 754 1124 833 interest,
1154 752 1244 820 infra
1274 753 1369 820 enim
1396 772 1432 820 ex
1451 771 1481 819 ea

287 864 471 932 utilitatem
487 864 632 950 capiam.
652 883 760 950 quum
778 863 976 949 perquiram
990 861 1161 947 quomodo
1176 865 1209 927 et
1224 862 1352 946 quibus
1370 863 1482 945 tempo-

287 970 385 1037 ribus
402 971 494 1038 Nasb
513 971 668 1039 llarlovii
684 971 797 1038 socius
812 970 923 1037 lactus
939 970 1042 1037 luerit
1056 973 1095 1036 ut
1108 968 1308 1036 emendaret
1328 969 1381 1036 vel
1400 967 1484 1054 perfi-

287 1079 377 1144 ceret
392 1077 543 1145 fabulam
559 1079 614 1147 cui
628 1078 737 1156 Dido,
752 1078 872 1160 Qeeen
887 1076 930 1162 os
940 1075 1487 1163 0111111191,11111111111111111111

276 1183 376 1251 'inter
394 1185 549 1252 Marlovii
564 1204 665 1271 opera
680 1189 884 1253 numeratur
899 1188 932 1253 et
947 1204 986 1252 eo
1001 1188 1137 1253 mortuo
1152 1184 1244 1253 edita
1259 1184 1336 1253 luit.
1549 1188 1553 1261 1

330 1291 410 1357 llaec
424 1291 562 1359 tandem
580 1294 702 1360 Greeni
718 1293 848 1360 invidia
859 1293 1072 1359 demonstrat
1082 1293 1299 1372 Marlovium‚
1314 1295 1489 1371 Greenum,

286 1398 390 1474 Nash,
404 1399 546 1465 Peelum
560 1404 593 1466 11
608 1400 790 1487 Lodgium,
803 1400 962 1485 quamvis
977 1399 1162 1468 consociati
1177 1399 1326 1468 luissent
1336 1402 1495 1469 adversus

286 1523 489 1573 communes
504 1506 658 1592 ipsorum
674 1507 846 1585 inimicos
858 1511 1009 1574 attamen
1025 1507 1114 1574 inter
1130 1526 1165 1574 se
1176 1507 1351 1577 infensam
1361 1509 1495 1575 aemula·

286 1612 416 1679 tionem
436 1613 560 1700 egisse,
577 1617 611 1680 et
626 1614 654 1681 si
670 1615 720 1680 rei
735 1615 905 1682 accideret
918 1613 1074 1695 facultas
1096 1614 1182 1683 alios
1205 1615 1285 1682 aliis
1313 1615 1496 1683 detrimen-

287 1723 361 1786 tum
377 1720 547 1787 attulisse.

330 1827 520 1896 Britannici
535 1828 677 1896 litterati
691 1833 848 1899 accurate
863 1829 1141 1899 dilucidaverunt
1155 1829 1273 1897 omnia
1297 1848 1377 1915 quae
1399 1828 1500 1915 perti·

287 1939 369 2002 nent
402 1935 445 2002 ad
473 1955 593 2004 versus
624 1954 693 2004 non
726 1937 887 2005 similiter
919 1938 1115 2006 desinentes
1150 1936 1186 2003 in
1219 1937 1341 2005 drama
1375 1955 1503 2004 novum

287 2040 517 2110 intromissos.
535 2045 622 2110 Cura
637 2043 695 2109 illa
712 2045 935 2111 ostenderunt
949 2043 1068 2129 quanti
1084 2042 1236 2111 lacerent
1251 2059 1303 2122 ea,
1319 2060 1400 2127 quae
1415 2045 1504 2109 certe

287 2164 356 2213 non
388 2150 682 2232 praetermodum
711 2150 940 2218 aestimarunt.
975 2152 1108 2218 Novum
1140 2153 1308 2230 metrum,
1344 2148 1505 2236 quamvis

288 2256 396 2321 solam
413 2255 538 2323 fabulae
554 2257 704 2343 speciem
717 2262 880 2338 mutaret,
896 2258 983 2326 duas
998 2258 1178 2333 obcausas
1197 2256 1318 2345 magni
1336 2257 1506 2323 momenti

288 2362 353 2429 luit
368 2367 400 2429 et
415 2364 587 2448 ponderis.
605 2366 652 2432 lis
667 2364 726 2451 qui
742 2369 825 2432 tunc
840 2366 974 2433 fabulas
989 2365 1184 2433 scribebant
1198 2364 1348 2431 formam
1358 2363 1508 2450 praebuit

175 2459 177 2464 ’
288 2471 331 2536 ad
347 2489 465 2537 eorum
487 2462 711 2558 cogitationes
730 2472 944 2560 effingendas
967 2473 1139 2554 idoneam,
1164 2490 1269 2557 quam
1294 2489 1383 2538 vane
1406 2478 1507 2538 antea

288 2577 578 2662 conquisiverant.
595 2580 792 2661 llarlovius,
808 2581 867 2666 qui
884 2581 973 2647 lianc
987 2580 1135 2647 formam
1150 2579 1294 2658 invenit,
1315 2597 1376 2645 eos
1399 2578 1508 2646 simul

289 2685 404 2751 docuit
423 2686 593 2770 quomodo
608 2687 667 2754 illa
682 2687 877 2754 adhibenda
903 2691 1005 2754 esset.
1028 2687 1210 2773 Proposuit
1229 2688 1273 2753 ad
1293 2686 1509 2753 imitandum

266 2793 442 2887 &exempla
455 2793 574 2859 multis
590 2794 627 2861 in
642 2784 798 2889 partibus
808 2795 957 2881 perlecta
970 2799 1004 2862 et
1018 2814 1057 2862 eo
1067 2798 1221 2880 ternpore
1231 2793 1390 2861 nondum
1404 2812 1509 2880 supe-

286 2903 374 2966 rata.
387 2899 517 2984 Cuique
533 2901 703 2968 scribendi
719 2903 837 2989 generi
855 2902 991 2989 proprie
1006 2902 1189 2988 respondet
1199 2901 1360 2987 quaedam
1375 2919 1510 2967 sermo-

288 3007 343 3072 nis
358 3005 479 3086 lorma‚
497 3012 530 3074 et
545 3009 580 3074 in
595 3009 760 3075 carminis
774 3013 859 3089 1111,
876 3028 915 3077 11
930 3009 1040 3077 forma
1056 3027 1125 3077 uno
1139 3009 1193 3075 vel
1208 3008 1369 3093 pluribus
1386 3009 1511 3075 metris

289 3114 365 3180 dala
388 3118 454 3182 est.
483 3117 596 3182 Donec
617 3117 755 3183 inventa
771 3116 827 3196 sit,
845 3117 870 3183 ii
889 3117 950 3202 qui
972 3117 1128 3183 scribunt
1151 3116 1278 3182 frustra
1294 3114 1457 3181 laborant
1473 3117 1511 3181 ut

288 3224 409 3288 cuncta
425 3223 553 3289 mentis
567 3241 639 3290 suae
654 3223 802 3310 cogitata
825 3226 859 3289 et
877 3242 998 3291 sensus
1014 3223 1206 3291 enuntient.
1224 3220 1370 3288 Dicendi
1386 3220 1511 3288 lormae

288 3329 414 3413 quibus
438 3333 583 3397 utuntur
606 3349 685 3397 cum
710 3330 765 3396 his
794 3331 955 3417 cogitatis
983 3333 1016 3398 et
1044 3330 1203 3397 sensibus
1219 3347 1288 3395 non
1308 3332 1512 3416 congruunt

288 3435 383 3501 omni
398 3455 438 3501 ex
454 3440 560 3520 parte,
574 3438 621 3504 ita
637 3439 675 3504 ut
686 3438 867 3505 scribendo
880 3438 982 3505 modo
993 3438 1084 3506 ultra
1099 3436 1269 3504 destinata
1283 3438 1509 3521 procurrant,

288 3544 322 3608 et
336 3542 449 3609 verbis
464 3543 660 3612 immodicis
681 3545 805 3612 elatius
824 3549 858 3610 et
877 3545 1032 3612 intlatius
1052 3563 1175 3612 sensus
1190 3562 1271 3612 suos
1285 3543 1510 3628 exprimant;

289 3650 402 3729 modo,
433 3651 670 3734 dormitantes
701 3651 926 3737 exoperibus
951 3653 1036 3734 11111,
1062 3671 1142 3719 cura
1168 3649 1380 3729 carentibus,
1406 3668 1510 3718 orna-

289 3759 416 3839 menta,
448 3758 502 3825 vel
530 3759 680 3827 maxime
702 3760 908 3838 necessaria,
934 3760 1111 3845 abjiciant.
1140 3757 1335 3843 Aliquando
1364 3758 1512 3825 tandem

289 3862 397 3928 oratio
413 3862 488 3928 fluit
503 3880 570 3929 uno
585 3868 701 3930 tenore
717 3867 750 3930 et
765 3863 869 3950 bujus
885 3883 1037 3942 cursum,
1055 3864 1085 3929 si
1105 3882 1160 3929 res
1175 3864 1378 3949 postularet,
1398 3866 1512 3950 scrip·

287 3971 379 4036 tores
416 3970 593 4037 deflectere
626 3989 694 4039 non
736 3956 886 4057 possent.
917 3973 986 4038 Has
1016 3972 1170 4038 diversas
1199 3969 1355 4038 fortunas
1385 3971 1510 4039 drama

287 4093 415 4144 norum
443 4077 635 4144 sustinebat
662 4098 768 4164 quum
797 4079 998 4161 llarlovius,
1028 4079 1269 4144 Tamerlanum
1299 4077 1336 4144 in
1366 4095 1510 4145 scenam

288 4181 497 4262 inducendo,
526 4185 684 4252 versibus
712 4205 781 4253 non
804 4186 966 4253 similiter
989 4185 1228 4252 desinentibus
1252 4203 1338 4251 usus
1363 4187 1428 4251 est.
1461 4186 1509 4252 Iis

288 4291 348 4376 qui
373 4293 436 4360 hoc
459 4291 584 4359 fabulae
608 4310 718 4380 genus
742 4293 938 4360 scribebant
961 4311 1029 4360 una
1054 4292 1145 4378 optio
1178 4292 1275 4378 prius
1303 4290 1384 4359 data
1413 4297 1505 4372 erat,

288 4402 406 4466 utrum
434 4403 679 4467 consonantem
705 4398 869 4485 tragediae
896 4416 1036 4466 versum
1064 4415 1109 4463 an
1137 4398 1284 4465 solutam
1311 4397 1507 4464 orationem

288 4504 464 4592 eligerent.
496 4508 693 4573 consonans
721 4511 836 4572 autem
864 4524 998 4584 versus
1028 4504 1088 4590 qui
1118 4503 1296 4589 suspensis
1325 4504 1505 4591 tragoediae

288 4611 448 4700 passibus
485 4614 658 4692 convenit,
697 4614 731 4679 et
762 4613 885 4679 horum
924 4613 1054 4680 lentum
1083 4614 1116 4678 et
1144 4628 1286 4698 gravem
1315 4627 1504 4677 numerum

288 4719 432 4793 reddere
448 4719 583 4790 videtur
602 4721 734 4788 alterno
757 4719 827 4786 ictu
854 4719 1039 4787 verborum
1063 4717 1224 4786 similiter
1253 4715 1501 4798 desinentium,
