3120 5474
717 77 876 143 „53-

175 244 324 327 babent,
341 265 448 317 unam
459 248 656 334 opinionem
672 249 770 316 alteri
787 250 1027 334 anteponendi,
1045 253 1078 318 et
1098 251 1157 336 qui
1178 251 1353 338 sapienter
1372 256 1406 320 et

175 352 443 419 accommodate
465 355 508 421 ad
528 354 709 421 veritatem
728 355 892 439 loquendi
910 355 1053 441 cupiens
1072 361 1136 438 est,
1158 358 1322 425 fatebitur
1340 377 1403 426 nos

174 458 317 527 nescire
346 460 473 545 quibus
503 461 717 546 temporibus
746 462 863 528 Caedes
889 462 1095 530 Parisiensis
1120 465 1249 550 scripta
1272 468 1307 532 et
1329 470 1404 534 acta

175 564 299 631 fuerit.

222 675 294 739 Nec
320 673 471 757 amplius
495 644 665 740 assentior
689 674 843 742 Osborno
870 677 1042 745 Gulielmo
1070 679 1261 745 Tancockio
1293 699 1402 764 quum

174 782 359 849 contendit
374 783 527 850 fabulam
542 783 639 849 illam
654 785 788 866 partem
804 802 879 850 esse
894 785 1062 852 dramatis
1078 804 1146 853 non
1164 785 1311 853 absoluti
1331 807 1338 852 :

221 960 234 990 ‹
260 937 366 998 There
385 938 508 999 remain
528 939 613 1017 else,
634 938 739 1021 inquit
757 939 821 1019 ille,
842 941 932 1003 three
950 942 1026 1004 Acts
1044 941 1113 1004 ofa
1131 943 1278 1025 Tragedy
1303 945 1403 1008 called

175 1036 231 1098 the
246 1040 415 1099 Mossocre
428 1041 463 1098 at
476 1037 579 1100 Paris
595 1036 617 1098 ¹.
643 1061 656 1091 ›

221 1204 292 1270 Res
308 1204 401 1269 eninr
417 1204 508 1288 capit
523 1203 703 1271 exordium
720 1224 738 1271 a
755 1203 918 1271 maximis
934 1206 968 1271 et
981 1208 1065 1272 tunc
1080 1206 1281 1275 novissimis
1298 1209 1401 1275 caedi·

174 1310 243 1377 bus
260 1310 361 1378 factis
376 1311 413 1377 111
432 1311 591 1390 Galliam,
610 1312 719 1378 sancti
738 1312 980 1379 Bartbolomaei
1001 1312 1109 1392 131113,
1131 1318 1164 1380 et
1183 1316 1402 1382 concluditur

174 1435 261 1484 nece
287 1417 425 1484 Henrici
450 1417 542 1484 tertii
566 1417 778 1502 victoriaque
798 1418 937 1485 Henrici
957 1419 1095 1500 Quarti,
1117 1421 1176 1505 qni
1198 1440 1257 1487 rex
1282 1422 1401 1489 Galliae

175 1525 419 1592 consalutatur
432 1528 616 1611 postquam
631 1543 751 1592 omnes
765 1525 869 1592 caedis
884 1525 1087 1610 parisiensis
1102 1527 1276 1612 principes
1293 1528 1400 1595 variis

175 1631 290 1717 poenis
316 1631 427 1698 affecti
457 1631 606 1713 fuerint,
631 1632 679 1698 ita
703 1633 741 1697 ut
768 1647 888 1696 omnes
914 1630 1062 1697 absoluti
1088 1631 1257 1697 dramatis
1286 1635 1399 1716 partes

175 1738 364 1806 contineat.
397 1740 562 1806 Fabulam
592 1736 850 1824 perpendendo,
873 1737 1053 1804 ostendam
1079 1738 1166 1805 banc
1190 1738 1398 1804 sententiam

175 1847 400 1913 manifestam
414 1864 500 1912 esse.

218 1955 237 2021 J
241 1954 361 2021 udaeus
376 1951 564 2018 Melitensis
580 1954 673 2018 certo
693 1951 842 2036 scriptus
863 1949 927 2016 11111
943 1952 1020 2035 post
1034 1968 1154 2017 necem
1172 1950 1281 2016 Guisii
1298 1951 1398 2018 ducis

175 2061 234 2146 qui
261 2078 353 2126 anno
373 2059 560 2126 millesimo
584 2059 865 2148 quingentesimo
889 2059 1100 2145 octogesimo
1123 2060 1242 2125 octavo
1265 2056 1394 2147 (1588),

175 2167 369 2234 antediem
396 2185 527 2233 nonum
556 2167 722 2234 Calendas
745 2165 929 2233 lanuarias
960 2165 1019 2251 (23
1039 2165 1237 2249 decembre)
1263 2166 1398 2232 occisus

176 2278 243 2355 est,
270 2281 373 2340 casus
397 2273 490 2339 enim
519 2273 667 2340 refertur
695 2273 785 2360 apud
814 2273 948 2360 prologi
977 2274 1092 2340 locum
1120 2273 1180 2358 qui
1208 2272 1397 2339 Parisiensi

175 2383 266 2448 Caedi
291 2382 445 2448 alludere
469 2383 617 2449 videtur.
646 2383 776 2449 Verum
806 2382 897 2467 apud
927 2380 1177 2446 Henslovianas
1205 2378 1334 2463 accepti
1365 2381 1398 2445 et

176 2488 318 2574 expensi
343 2489 490 2568 tabulas,
518 2488 628 2556 ludaei
652 2489 840 2555 Melitensis
865 2506 954 2572 saepe
981 2489 1298 2553 commemorantur
1322 2485 1395 2552 ludi

175 2595 317 2661 scenici.
347 2596 463 2662 Prima
493 2596 618 2662 horum
644 2595 776 2661 mentio
805 2594 970 2678 inscripta
1000 2592 1065 2660 suit
1090 2610 1179 2658 anno
1208 2591 1395 2658 millesimo

174 2702 456 2788 quingentesimo
475 2703 700 2790 nonagesimo
722 2701 836 2787 primu
856 2698 995 2789 (1591),
1017 2698 1208 2765 antediem
1229 2700 1394 2781 quartum

173 2811 341 2879 Calendas
365 2811 505 2878 Martias
532 2809 591 2899 (⁶26
616 2809 758 2894 se'vrier)
787 2812 821 2876 et
847 2809 942 2875 nulla
969 2812 1048 2874 nota
1076 2809 1289 2874 demonstrat
1314 2823 1393 2872 eum

175 2915 296 2982 ludum
312 2914 465 2999 primum
482 2915 640 2983 omnium
655 2915 774 2984 fuisse.
792 2918 931 2989 Constat
950 2917 1059 3004 igitur
1079 2914 1142 2980 boc
1161 2914 1281 2980 drama
1303 2931 1393 2980 anno

172 3020 361 3086 millesimo
373 3019 873 3108 quingentesimooetogesimo
889 3040 978 3088 nono
995 3019 1122 3107 (1589),
1135 3019 1188 3086 vel
1205 3019 1393 3084 millesimo

174 3125 455 3212 quingentesimo
470 3127 696 3214 nonagesimo
712 3128 866 3213 primum
882 3131 997 3195 actum
1013 3125 1133 3192 fnisse.
1149 3126 1250 3210 Apud
1270 3143 1392 3190 omnes

174 3232 209 3298 in
232 3231 354 3298 eadem
379 3232 491 3319 gratia
518 3232 584 3299 luit
608 3237 711 3319 atque
734 3236 959 3301 Tamerlanus
988 3236 1020 3299 et
1045 3234 1213 3310 Faustus3
1244 3229 1392 3316 majores

173 3339 278 3405 etiam
293 3339 437 3423 plausus
452 3337 538 3405 forte
554 3341 673 3407 movit.
691 3343 730 3407 ln
746 3362 782 3408 ea
801 3342 916 3409 fabula
937 3338 1092 3406 Merlovii
1113 3339 1225 3423 reipsa
1245 3339 1392 3406 virtutes

172 3443 331 3513 invenies
345 3449 379 3512 et
392 3445 476 3512 vitia
494 3447 609 3514 onmia
628 3469 635 3513 :
659 3447 729 3514 imo
748 3449 828 3516 vitia
847 3448 882 3513 in
898 3448 993 3514 nullo
1008 3466 1049 3512 ex
1066 3445 1140 3532 ejus
1161 3444 1389 3523 diemalibus,

170 3551 239 3617 nisi
258 3552 347 3619 forte
364 3552 401 3619 in
418 3554 638 3633 Tamerlano,
660 3554 774 3641 majus
793 3556 958 3640 ceperunt
972 3555 1240 3619 incrementum.
1257 3550 1392 3636 Magnis

169 3664 290 3729 autem
310 3661 498 3729 virtutibus
517 3668 797 3749 compensantur.
819 3664 943 3745 Quinta
965 3660 1092 3737 sabula,
1116 3677 1194 3744 quae
1218 3660 1391 3743 postrema

168 3768 236 3835 11111
255 3767 347 3834 inter
366 3766 512 3851 fabulas,
539 3775 677 3838 auctore
696 3773 790 3850 vivo,
815 3770 995 3857 perlectas,
1020 3765 1206 3833 Marlovius
1229 3781 1391 3831 consum-

166 3875 280 3942 marit
294 3875 430 3960 incepta
449 3877 508 3943 illa
534 3873 661 3963 quibus
685 3879 779 3945 omni
804 3898 866 3963 ope
888 3880 990 3962 atque
1015 3891 1117 3960 opera
1140 3872 1258 3938 enisus
1283 3871 1392 3936 estut

164 3987 341 4051 averteret
355 4001 413 4050 eos
428 3984 487 4068 qui
503 3986 716 4069 temporibus
738 3987 806 4052 illis
825 3987 944 4052 elrama
965 3998 1093 4049 novum
1116 3979 1329 4063 scripserunt
1347 3976 1392 4043 ab

164 4109 287 4160 errore
296 4093 337 4177 ‘et
356 4089 392 4156 in
411 4091 505 4157 viam
526 4093 652 4157 rectam
675 4092 865 4159 reduceret.
887 4092 970 4172 Quae
989 4087 1118 4165 sabula,
1140 4105 1158 4152 e
1178 4082 1390 4150 Britannicis

161 4181 358 4285 annalibus
376 4196 537 4277 deducta,
560 4198 726 4283 inscripta
746 4201 798 4265 est
821 4198 891 4264 Tbe
911 4194 1151 4263 troublesome
1171 4192 1291 4277 Reipn
1311 4190 1388 4256 ond

193 4442 204 4478 ¹
222 4439 290 4490 Loc.
304 4434 362 4497 cit,
376 4448 403 4500 p.
415 4449 451 4486 rr.
