3120 5474
592 192 769 258 *lla-

62 366 176 432 etiam
186 365 321 445 insana,
333 364 459 452 quibus
471 363 506 432 in
516 365 718 432 Tamerlano
729 364 973 450 corrumpitur.
987 364 1159 432 Orationis
1170 369 1289 434 tamen

64 474 140 541 vim
158 479 192 542 et
210 475 376 542 virtutem
401 471 465 541 hac
485 473 729 552 ,emendatione
756 491 824 539 non
854 474 1005 551 enervat,
1031 471 1145 558 potius
1170 478 1308 559 autem.

65 582 280 648 corroborat.
297 582 433 648 Modum
451 582 544 647 enim
564 599 702 666 aequum
718 598 787 647 non
803 580 1166 673 excedendqcertius,
1189 584 1287 650 velie-

67 689 221 755 mentius
247 689 351 755 etiam
375 691 551 773 permovet
574 688 721 755 animos.
747 714 761 747 «
785 686 954 754 L'enssure
978 687 1146 772 dimiono,
1174 689 1287 776 inquit

67 795 207 878 Tainus,
226 797 315 863 mais
332 798 367 862 la
382 796 535 863 violence
550 798 652 862 reste.
672 821 686 854 a

111 905 264 971 Felicius
297 905 409 970 adhuc
437 903 620 970 Marlovius
644 902 792 968 mutavit
820 903 989 987 quasdam
1021 849 1112 969 artes
1144 903 1283 1005 quibus„
1385 899 1387 904 ’
1433 991 1436 1000 Ι

70 1031 177 1095 quum
198 1011 378 1088 scriberet,
396 1011 566 1076 utebatur.
590 1012 755 1076 Faustum
772 989 1018 1093 componendo,
1036 1011 1164 1077 rectius
1183 1011 1285 1078 intel·
1297 1048 1299 1052 >

66 1120 148 1185 lenit
163 1120 335 1204 quomodo
354 1136 409 1183 res
430 1134 530 1183 scena
552 1116 728 1202 requisitae
745 1116 933 1183 tractandae
957 1116 1043 1183 sint.
1072 1119 1147 1184 Non
1172 1119 1286 1186 solum
1376 1138 1379 1144 ·

64 1225 221 1292 fabulam
237 1225 362 1292 melius
377 1225 551 1312 cogitavit,
571 1223 749 1291 sedetiam
766 1224 813 1289 ita
834 1223 984 1308 scripsit,
1012 1227 1048 1291 ut
1071 1225 1283 1294 intuentium

62 1333 202 1399 animos
226 1332 425 1400 attentiores
452 1335 608 1400 teneret.
625 1333 664 1397 In
689 1333 814 1403 Fausto
839 1331 1085 1419 multomagis
1111 1352 1216 1418 quam
1248 1335 1285 1401 in

59 1440 267 1506 Tamerlano
286 1439 357 1507 veri
377 1440 543 1506 dramatis
564 1438 643 1505 novi
662 1438 825 1518 rationes,
847 1455 1043 1504 sermonem
1067 1443 1101 1505 et
1125 1442 1282 1508 tenorem

57 1546 227 1630 reperies.
242 1545 468 1612 Posteriorem
481 1544 632 1612 fabulam
649 1543 840 1623 scribendo,
853 1545 1038 1613 Marlovius
1051 1550 1142 1614 certe
1155 1551 1283 1616 rectam

57 1652 198 1720 invenit
211 1652 326 1731 viam;
351 1671 427 1718 eam
448 1655 562 1718 autem
580 1670 642 1718 nec
657 1651 819 1719 omnibus
834 1651 992 1727 liberavit
1008 1654 1281 1740 impedimentis,

55 1777 125 1825 nec
141 1761 250 1824 totam
264 1758 463 1842 exploravit.
481 1757 662 1824 Nonnullis
677 1758 713 1823 in
728 1757 812 1824 locis
827 1756 863 1822 in
878 1757 983 1824 dubio
998 1762 1050 1825 est
1068 1764 1102 1827 et
1121 1761 1257 1829 haesitat
1272 1783 1281 1842 ;

56 1866 300 1950 aliquandot
267 1885 285 1930 e
303 1865 371 1956 iam
387 1866 429 1932 ad
444 1865 532 1951 prist
534 1865 609 1931 inus
624 1883 757 1931 errores
781 1864 980 1933 revolvitur.
1007 1866 1280 1948 Quantumcum-

54 1993 129 2060 que
145 1978 198 2040 est
214 1973 395 2063 ingenium
411 1973 485 2058 ejus
504 1975 564 2059 qui
589 1992 643 2039 res
663 1975 722 2039 ant
724 1973 856 2058 iquost
857 1975 916 2038 atu
857 1973 1093 2040 atdemove
1097 1976 1282 2060 ,quamvis

55 2082 133 2148 dist
119 2081 227 2148 tincto
248 2085 281 2147 et
295 2080 433 2168 egregie
448 2099 503 2146 res
518 2080 775 2168 excogitaverit,
794 2098 830 2145 se
846 2080 962 2146 tamen
977 2080 1118 2146 omnino
1132 2080 1298 2148 vinculis·

54 2189 240 2255 rationum
270 2191 302 2254 et
328 2206 464 2254 morum
494 2191 734 2277 consuetorum
760 2187 934 2258 exsolvere
957 2188 1027 2254 non
1054 2189 1177 2274 potest.
1203 2189 1283 2256 Ideo

54 2294 268 2372 Marlovius,
299 2293 378 2362 licet
406 2294 617 2361 solutissima
645 2293 944 2384 audacissimaque
971 2297 1086 2360 mente
1116 2296 1282 2380 praeditus
1366 2306 1368 2310 ‘

53 2401 179 2479 fuerit,
192 2403 388 2486 temporum
404 2402 659 2469 conditionibus
674 2406 707 2468 et
721 2402 824 2469 rebus
837 2402 874 2469 in
888 2420 984 2486 more
995 2402 1115 2488 positis
1127 2403 1281 2470 debitum

54 2526 155 2593 saepe
171 2495 333 2574 reddidit.
352 2508 387 2575 Si
402 2497 552 2595 primam
568 2509 764 2576 Tamerlani
779 2512 925 2595 partem,
946 2512 985 2576 ut
1007 2509 1197 2578 verisimile
1215 2515 1279 2591 est,

53 2614 406 2703 cantabrigiensibus
421 2616 566 2682 Athenis
581 2615 731 2702 scripsit,
748 2634 787 2683 eo
800 2615 914 2704 magis
929 2616 960 2683 ei
975 2634 1156 2703 operosum
1177 2615 1243 2684 luit
1261 2636 1280 2684 a
1337 2656 1340 2660 ι

54 2721 231 2789 servitute
247 2721 305 2786 illa
325 2739 362 2787 se
379 2722 567 2800 vindicare,
588 2724 678 2808 quod
695 2741 763 2791 non
783 2722 1091 2810 exemplaviderat
1109 2743 1187 2808 quae
1203 2742 1279 2810 pos·
1317 2761 1321 2767 ·

53 2828 171 2896 terius
191 2828 222 2894 ei
237 2831 488 2913 proposuerunt
504 2827 746 2895 Londiniensia
761 2828 893 2896 theatra
908 2831 942 2895 et
956 2828 1083 2915 quibus
1099 2828 1280 2896 institutus

19 3000 24 3007 .
53 2936 139 3004 suit.
160 2935 293 3003 Idcirco
313 2934 472 3020 quaedam
492 2935 684 3002 Tamerlani
704 2939 819 3021 partes
839 2935 1018 3024 finguntur
1041 2936 1086 3003 ad
1105 2936 1280 3023 exemplar
1339 2964 1342 2968 “

53 3043 313 3131 tragoediarum
328 3041 382 3108 vel
397 3042 631 3128 antiquarum,
648 3043 701 3110 vel
717 3044 760 3110 ad
775 3044 899 3111 harum
915 3042 1182 3136 similitudinem
1196 3046 1280 3110 tunc

19 3211 23 3216 ,
52 3151 97 3216 in
113 3149 294 3216 Britannia
310 3149 530 3234 scriptarum.
551 3150 618 3216 Res
641 3169 660 3216 a
683 3151 838 3235 personis
858 3153 995 3217 tantum
1019 3151 1206 3216 narrantur
1224 3151 1279 3218 vel

53 3257 300 3340 disceptantur
315 3261 483 3341 quantum
499 3260 662 3343 aguntur,
681 3261 713 3323 et
728 3258 887 3341 quamvis
902 3256 985 3324 vitia
1000 3256 1060 3322 illa
1075 3256 1279 3324 minuantur

53 3362 259 3431 vehementi
275 3362 472 3448 fervidoque
488 3381 645 3429 sermone
658 3363 824 3447 Marlovii,
842 3364 901 3448 qui
922 3352 1009 3430 mox'
1021 3364 1145 3431 harum
1163 3382 1277 3431 mora-

54 3488 141 3538 rum
156 3469 362 3536 memoriam
376 3471 547 3537 oblivione
566 3471 657 3537 delet
675 3473 861 3565 tragoedias
885 3471 1069 3551 movendo,
1095 3471 1277 3538 manifesta

54 3583 179 3646 tamen
203 3576 307 3655 fiunt,
338 3577 464 3662 saepius
493 3578 585 3643 enim
614 3579 793 3645 iterantur.
824 3578 999 3664 Praecipue
1026 3596 1135 3664 quum
1163 3576 1278 3646 sabula

54 3683 191 3772 legitur
218 3687 393 3768 apparent,
423 3702 504 3750 nam
533 3703 644 3770 neque
672 3685 861 3771 splendidis
886 3685 1051 3752 scenariis
1073 3684 1218 3770 picturis
1245 3689 1278 3751 et

54 3790 228 3868 vestibus,
241 3808 351 3874 neque
362 3808 587 3875 personarum
599 3792 634 3869 in
646 3808 745 3858 scena
761 3791 939 3878 agentium
954 3792 1182 3900 trepidatione
1195 3794 1278 3859 tunc

56 3897 272 3966 obumbrant
274 3915 327 3963 ur.
344 3897 529 3964 Pluribus
521 3916 557 3963 in
572 3898 667 3975 locis,
684 3898 806 3964 Tamer
808 3899 908 3964 lanus
923 3916 1065 3984 ejusque
1075 3899 1191 3965 hostes
1201 3897 1277 3965 ideo

37 4007 97 4098 in
124 4012 264 4071 scenam
293 4004 468 4072 adducunt
455 4008 593 4084 tutur,
555 4005 753 4072 utintuent
754 4023 790 4070 es
819 4004 1044 4089 quamobrem
1072 4003 1249 4072 veniant
1240 4022 1294 4073 m.

35 4192 39 4199 ¹
64 4113 300 4196 conspectum
315 4111 619 4199 doceant,etetquid
636 4113 745 4179 acturi
771 4112 852 4190 sint,
876 4130 986 4197 quum
1009 4111 1164 4197 pulpito
1159 4110 1276 4178 deces-
1288 4176 1291 4180 ,

57 4219 184 4296 serint,
207 4235 270 4309 nec
284 4217 389 4283 ullam
406 4219 510 4285 aliam
531 4219 573 4285 ob
589 4238 740 4286 causam.
759 4219 977 4305 Plerumque,
994 4217 1104 4285 fateor
1119 4217 1274 4302 quidem,

54 4314 250 4395 verborum
265 4323 375 4390 nitore
389 4325 564 4410 cultuque,
586 4326 804 4392 sermonibus
825 4329 942 4391 ornate
966 4324 1102 4405 locutis,
1123 4326 1158 4390 et
1172 4323 1276 4391 rebus
1327 4349 1329 4354 ·

55 4432 245 4518 opulenter
268 4433 301 4495 et
324 4431 599 4498 cumulatissime
623 4433 814 4499 numeratis
841 4432 895 4499 vel
922 4430 1118 4516 descriptis,
1148 4429 1275 4496 menda

54 4538 300 4621 occultantur3
317 4541 473 4607 constant
488 4542 616 4619 tamen,
633 4538 792 4624 quamvis
807 4538 1169 4619 obumbrataPraeter
1187 4537 1292 4618 haec,¹
