3120 5474
680 336 857 401 -lee-

168 515 256 581 lectu
268 512 444 600 jucundis,
462 514 497 580 in
519 514 645 599 quibus
663 512 844 598 precipuae
864 530 920 577 res
938 528 1065 598 genere
1087 511 1273 597 postulatae,
1294 528 1346 576 nou

168 621 279 688 solum
297 620 436 687 confuse
449 622 616 706 praevisae,
634 621 692 687 sed
708 620 812 686 etiam
828 618 955 685 effectae
970 620 1064 685 sunt.
1081 617 1349 703 Antiquissimum

167 727 220 792 est
240 725 379 813 generis
399 728 584 811 specimen,
609 731 642 794 et
665 728 724 793 ille
746 726 907 812 princeps
931 724 1076 813 ingenii,
1106 725 1350 808 Shakespeams,

168 833 232 899 boc
247 833 283 898 in
298 832 445 918 propriis
460 838 492 901 et
506 834 710 901 necessariis
726 832 881 918 partibus
896 851 965 899 non
985 831 1143 900 mutavit.
1169 832 1238 897 Hoc
1260 831 1354 896 solum

168 940 328 1007 solertius
351 941 385 1006 et
402 938 585 1025 perfectius
609 939 644 1004 in
665 938 822 1023 pluribus
846 938 1042 1004 dramatum
1067 954 1209 1002 suorum
1228 935 1356 1001 effinxit.

168 1046 385 1113 Marlovianao
404 1046 497 1112 enim
520 1045 644 1111 fabulae
667 1062 735 1110 non
759 1045 871 1111 solum
895 1043 1044 1108 rationes
1065 1044 1203 1109 secutus
1225 1046 1288 1119 est,
1311 1041 1360 1106 sed

168 1153 272 1219 etiam
287 1153 454 1236 quasdam
470 1150 625 1216 imitatus
639 1152 690 1215 est
705 1152 830 1234 partes,
852 1154 885 1215 et
903 1167 1006 1214 suum
1026 1148 1212 1215 Ricardum
1235 1148 1363 1213 tertium

168 1260 211 1326 ad
241 1259 389 1326 Eduardi
424 1257 564 1324 secundi
598 1258 773 1340 exemplar
807 1259 964 1322 accurate
997 1254 1202 1338 composuit.
1240 1256 1366 1340 Puynus

168 1364 332 1433 Collierus
354 1364 505 1431 affirmat
527 1366 691 1448 praeterea
715 1382 793 1428 euin
819 1363 981 1429 Marlovio
1004 1360 1170 1427 carminis
1198 1364 1270 1426 arte
1292 1360 1368 1426 inle-

168 1470 293 1537 riorem
325 1470 432 1538 fuisse
459 1474 493 1538 et
524 1489 645 1537 versus
674 1489 754 1538 suos
776 1469 931 1538 numeris
959 1467 1188 1535 adstrinxisse
1215 1486 1279 1534 nec
1306 1471 1371 1534 tam

169 1578 292 1664 plenis,
310 1596 373 1645 nec
387 1582 459 1644 tam
472 1578 632 1645 diversis.

212 1684 352 1752 Carolus
380 1686 488 1752 Lamb
521 1684 674 1771 (Charles
702 1683 822 1770 Lamb)
854 1683 1029 1750 existimat
1052 1700 1189 1768 quoque
1212 1685 1377 1749 terrorem

169 1791 203 1856 et
221 1808 367 1878 angores
391 1790 544 1857 Eduardi
569 1790 709 1856 secundi
736 1788 880 1874 imperio
900 1808 936 1855 se
960 1789 1164 1868 abdicantis,
1182 1809 1201 1855 a
1216 1791 1378 1856 Marlovio

169 1914 348 1982 expressos
362 1897 470 1964 fuisse
483 1896 597 1963 vorbis
612 1899 645 1962 et
660 1897 819 1963 sensibus
833 1915 911 1981 quae
928 1897 1184 1981 Sbakespearus
1200 1899 1380 1984 aegerrime

170 2005 344 2088 superavit
375 2004 592 2092 depingendo
624 2004 781 2070 eamdem
815 2004 1089 2089 desperationem
1113 2004 1151 2070 in
1183 2002 1301 2070 fabula
1327 2004 1382 2070 cui

170 2111 292 2177 titulus
306 2111 474 2178 Ricardus
489 2111 678 2179 Secundus,

214 2217 279 2282 Per
308 2219 449 2305 longum
478 2217 643 2302 temporis
671 2216 822 2301 spatium
855 2215 966 2282 critici
999 2219 1209 2300 putaverunt
1237 2217 1386 2284 Fabiani

170 2322 340 2389 Annales¹
354 2325 496 2390 unicum
505 2322 747 2390 fuisselontem
758 2343 797 2389 ex
807 2342 874 2409 quo
884 2323 1384 2392 llarlovianafabulassuxerat.

171 2429 334 2496 Nonnulli
350 2432 466 2497 tamen
474 2430 547 2515 jam
563 2430 772 2515 quibusdam
789 2430 927 2496 indiciis
948 2430 1042 2497 ducti
1057 2429 1195 2497 fuerant
1210 2432 1254 2498 ad
1275 2434 1390 2518 suspi-

171 2537 319 2603 candum
335 2536 421 2603 alios
436 2538 618 2622 scriptores
634 2539 663 2604 ei
681 2537 809 2603 auxilio
828 2537 936 2604 luisse
955 2538 1038 2604 dum
1057 2540 1274 2622 postremum
1301 2542 1388 2606 scri-

170 2643 265 2709 beret
279 2646 407 2724 aetum,
423 2651 457 2709 et
471 2663 551 2710 eum
565 2662 633 2710 non
644 2645 815 2711 serviliter
826 2645 968 2710 Fabiani
979 2645 1213 2711 narrationem
1225 2652 1390 2713 secutum

171 2747 289 2815 fuisse.
308 2751 346 2814 F.
361 2750 401 2815 G.
419 2751 556 2817 Fleiaus
571 2748 700 2838 (Fleay)
715 2752 752 2817 in
767 2752 930 2837 proaemio
944 2752 1035 2837 quod
1051 2752 1085 2817 11
1102 2751 1213 2818 fronte
1228 2753 1390 2820 Eduardi

171 2857 340 2925 secundi⁸
366 2859 568 2943 praeposuit,
595 2860 684 2925 hane
707 2858 858 2925 fabulam
882 2860 1029 2937 edendo,
1054 2858 1206 2926 dilucide
1234 2862 1392 2927 ostendit

172 2961 362 3029 Fabianum
391 2981 454 3031 nec
476 2966 637 3043 unicum,
666 2984 729 3031 nee
751 2967 856 3031 etiam
883 2966 1093 3051 praecipuum
1121 2963 1230 3031 fuisse
1253 2965 1391 3033 fontem

170 3070 325 3136 ldarlovii
354 3071 413 3155 qui
441 3072 550 3138 multo
578 3072 728 3156 amplius
757 3091 840 3138 usus
869 3075 921 3139 est
947 3072 1118 3139 Stevianis
1148 3069 1203 3158 (de
1232 3072 1392 3159 Stowet³

171 3176 363 3244 Annalibus
399 3182 433 3244 et
465 3178 658 3264 praesertim
693 3180 893 3247 Holinsbedi
931 3177 1176 3266 (Ηο111111111)4
1201 3177 1390 3247 Chronica.

171 3282 299 3349 Praeter
314 3285 398 3363 baec,
415 3284 567 3352 Wardus
589 3284 721 3371 (Ward)
742 3285 937 3372 designavit
960 3286 1051 3352 inter
1074 3285 1236 3372 prologos
1260 3292 1296 3352 et
1320 3288 1391 3353 alia

171 3389 325 3457 carmina
344 3410 421 3476 quae
446 3392 482 3457 in
507 3391 618 3458 fronte
642 3391 809 3477 cujusque
833 3393 925 3469 libri,
952 3393 987 3458 in
1012 3390 1155 3457 Fabiani
1174 3392 1389 3473 Annalibus,

171 3498 353 3584 praeposita
373 3502 466 3573 sunt,
483 3498 646 3583 populare
666 3517 805 3565 carmen
824 3500 866 3566 de
891 3499 1042 3565 miseriis
1062 3498 1216 3565 Eduardi
1240 3503 1390 3567 secundi

171 3620 290 3689 agene,
308 3606 342 3670 et
353 3605 591 3671 verisimiliter
605 3609 781 3689 sumptum
797 3625 815 3671 e
830 3609 985 3690 poemate
1003 3625 1024 3671 a
1042 3605 1214 3671 Gulielmo
1229 3605 1389 3693 Brango-

171 3710 284 3776 niensi
311 3709 520 3800 (Guillaume.
543 3711 586 3779 de
609 3712 818 3799 worcester)
841 3713 947 3780 latine
971 3713 1110 3798 scripto.
1134 3712 1209 3792 Quo
1229 3716 1391 3784 carmine

172 3816 355 3885 Eduardus
376 3818 561 3891 secundus,
581 3824 620 3885 ut
642 3838 682 3885 eo
706 3824 858 3906 tempore
881 3821 988 3887 moris
1011 3823 1097 3897 erat,
1122 3819 1289 3885 narrabat
1313 3823 1390 3906 ipse

172 3942 254 3990 suos
267 3942 415 4012 angores
429 3928 463 3990 et
477 3944 532 3991 res
546 3925 720 3993 adversae.

205 4135 216 4169 ¹
233 4134 345 4195 Fabium,
358 4147 391 4185 11
400 4133 519 4199 1111111,
533 4135 642 4187 Robert.
657 4136 809 4209 Chroniele.
824 4137 990 4202 Emprynted
1006 4137 1044 4201 by
1058 4151 1104 4188 me
1117 4137 1253 4190 Richarde
1265 4139 1388 4204 Pynsom

174 4213 243 4271 lere,
255 4214 328 4265 10110.
581 4250 587 4257 ·

205 4292 341 4345 ¹Colllu's
366 4293 463 4345 Sebool
488 4295 542 4345 and
565 4294 670 4359 College
698 4294 821 4347 Classies.
845 4296 977 4347 llarl0u²s
1000 4296 1124 4361 Tragedy
1145 4297 1176 4347 01
1196 4298 1312 4348 Eduard
1338 4299 1385 4349 the

172 4372 304 4424 Second...
317 4374 353 4438 by
365 4373 394 4425 F.
406 4374 436 4425 G.
451 4373 587 4438 1111111.
599 4375 629 4425 A.
644 4375 753 4425 London
764 4375 819 4425 and
831 4375 963 4439 Glasgotr.
977 4376 1022 4425 W.
1036 4375 1145 4438 Collina,
1159 4376 1230 4437 1811,
1241 4377 1324 4428 in-l8.

206 4454 219 4489 ⁸
233 4452 304 4503 Stow
319 4455 417 4515 (10111.
429 4457 451 4506 A
463 4455 618 4506 Summarie
629 4454 658 4505 01
669 4455 785 4518 English
796 4456 962 4507 Chronieles
974 4457 1083 4508 1011101
1093 4457 1223 4519 (1511111
1235 4471 1289 4508 mo.
1301 4458 1383 4508 Black

171 4533 269 4585 better.
282 4534 353 4586 first
363 4535 475 4586 edition.

204 4614 218 4647 ⁴
234 4612 390 4667 llolinslied.
405 4615 500 4682 Ralpb.
517 4617 574 4669 The
587 4617 744 4669 Chronieles
756 4618 786 4668 el
798 4619 943 4683 Englande,
955 4619 1108 4677 Seotlande,
1123 4620 1178 4669 1111
1201 4619 1333 4679 lrelande,
1347 4619 1381 4683 by

173 4691 302 4755 llspbaell
316 4692 471 4745 llolinshed.
486 4696 568 4747 Lond.
583 4695 653 4746 1511.
670 4695 743 4759 tolio,
755 4698 772 4746 Ξ
783 4698 836 4748 101.
