3120 5474
837 407 874 416 -
897 372 1013 436 116-

320 543 495 625 11111111
514 550 590 633 apto
610 542 793 613 commissa
817 543 896 623 sint,
914 542 1186 630 unumquodque
1203 546 1316 611 tamen
1329 539 1451 629 adjuvat
1464 540 1494 610 11

320 657 417 720 11111
428 673 590 739 personas
606 656 639 721 in
656 654 767 720 lucem
783 652 1013 738 proferendas.
1033 651 1254 734 Quinetiam,
1272 651 1344 717 sine
1360 651 1496 717 internis

320 760 415 826 sione
431 761 465 826 in
477 779 614 828 scenam
627 761 776 836 inducta,
790 763 924 826 tantum
937 760 980 825 ad
996 759 1131 825 animos
1147 758 1333 824 movendos
1349 758 1459 835 valent,
1472 760 1498 824 ut

320 868 548 951 spectantium
582 867 715 933 animos
745 865 900 952 rapiant,
938 866 1130 952 praesertim
1166 883 1275 951 quum
1311 864 1452 931 llarlovii
1477 866 1500 931 et

320 974 544 1059 Sbakespeari
569 974 706 1061 ingenio
729 972 805 1040 sicta
831 975 863 1039 et
888 990 991 1038 manu
1015 972 1220 1038 adumbrata
1238 976 1330 1037 sunt.
1346 971 1501 1056 colloquiis

319 1080 445 1147 vividis
462 1080 626 1165 caesisque
642 1099 796 1166 personae
813 1080 860 1146 roi
878 1079 984 1145 nodos
999 1079 1179 1157 extricant,
1193 1082 1225 1146 et
1236 1080 1320 1145 dum
1332 1097 1389 1164 per
1399 1082 1502 1144 atroces

320 1205 420 1253 neces
443 1189 477 1252 ot
504 1206 564 1272 per
587 1191 706 1253 eventa
730 1188 861 1274 tragica
887 1187 930 1253 ad
954 1185 1151 1272 argumenti
1182 1185 1312 1252 exitum
1335 1186 1502 1271 properant,

320 1292 446 1359 formas
474 1296 508 1359 et
535 1294 652 1360 vultus
685 1294 833 1360 induunt
862 1294 989 1379 quibus
1017 1311 1136 1358 earum
1159 1311 1274 1359 mores
1299 1293 1503 1359 declarantur.

320 1400 496 1467 Interdum
512 1401 547 1465 in
563 1400 646 1467 locis
661 1401 810 1466 maxime
826 1400 979 1486 tragicis,
992 1417 1101 1484 quum
1116 1400 1196 1465 nodi
1213 1399 1375 1485 praecipui
1392 1399 1504 1465 solvun-
1551 1408 1554 1427 ¹

319 1509 388 1587 tur,
410 1506 593 1573 libidinum
611 1508 759 1591 impetus
774 1507 890 1571 omnia
906 1510 1073 1591 rumpunt
1087 1506 1237 1585 vincula,
1259 1509 1292 1572 et
1316 1506 1351 1572 in
1376 1505 1503 1572 diutinas

320 1610 536 1698 servidasque
560 1613 730 1679 orationes
754 1631 790 1678 se
818 1613 1009 1679 effundunt.
1036 1615 1290 1697 Nonnunquam
1313 1613 1413 1679 etiam
1438 1614 1505 1678 llar-

320 1719 443 1800 lovius,
465 1739 573 1806 quum
589 1719 654 1786 sibi
671 1720 882 1806 propositum
899 1723 951 1786 est
972 1721 1031 1786 aut
1055 1719 1091 1785 in
1115 1723 1227 1786 totum
1250 1722 1284 1785 et
1308 1737 1375 1786 uno
1397 1719 1507 1786 eodem-

320 1845 386 1911 que
409 1830 562 1912 tempore
586 1845 698 1893 mores
726 1829 759 1894 et
783 1827 973 1914 imaginem
998 1825 1162 1915 effingere
1185 1845 1339 1912 personae
1360 1845 1456 1912 quam
1475 1824 1506 1890 ab

322 1932 432 2000 imitio
445 1933 481 1999 in
497 1933 607 2000 lucem
623 1934 773 2021 prolerre
788 1936 893 2022 cupit,
911 1938 970 2001 aut
984 1938 1104 2001 eventa
1123 1935 1317 2001 necessarie
1332 1932 1507 2020 explicanda

321 2059 424 2125 quam
449 2041 668 2126 paucissimis
697 2041 812 2108 verbis
836 2060 1015 2127 exponere,
1041 2043 1150 2109 utitur
1173 2041 1318 2108 diutinis
1343 2039 1508 2125 soliloquiis

322 2165 411 2232 saepe
430 2147 570 2213 scientia
590 2148 831 2215 benedicendi
856 2148 1165 2234 praestantissimis,
1191 2149 1351 2233 quamvis
1376 2166 1439 2214 non
1456 2145 1509 2212 sint

321 2253 587 2320 verisimillima.
609 2255 689 2321 lllas
708 2255 874 2321 dramatis
898 2255 977 2322 novi
1002 2259 1104 2333 artes
1131 2255 1200 2321 nisi
1226 2255 1360 2341 primus
1376 2251 1508 2321 adhibuit

324 2357 460 2444 (barum
488 2361 581 2427 enim
609 2363 763 2447 exempla
792 2364 870 2446 plus
899 2362 1016 2427 minus
1043 2361 1189 2447 perfecta
1216 2362 1290 2447 jam
1319 2356 1507 2444 constabant)

322 2465 433 2550 coegit
450 2467 571 2532 saltem
587 2467 623 2532 in
638 2486 743 2534 unam
763 2467 915 2536 fabulam
940 2473 973 2536 et
997 2469 1081 2535 scite
1105 2487 1144 2534 ac
1168 2469 1328 2536 distincte
1351 2464 1506 2553 disposuit.

322 2571 451 2637 Idcirco
465 2573 655 2639 verisimile
673 2578 725 2640 est
749 2575 826 2641 illas
850 2575 1061 2660 permovisse
1086 2578 1290 2660 spectantes,
1308 2578 1341 2641 et
1359 2593 1396 2641 eo
1417 2571 1508 2658 magis

322 2677 459 2763 penitus
482 2679 572 2763 quod
598 2681 685 2746 miro
710 2682 811 2749 modo
837 2683 878 2749 ad
904 2701 977 2748 rem
1002 2683 1146 2748 alteram
1170 2685 1203 2748 et
1231 2682 1333 2769 longe
1360 2682 1508 2766 disparem

323 2783 537 2851 efficiendam
553 2787 772 2872 adiuvabant,
789 2790 824 2855 id
840 2792 892 2854 est
910 2789 952 2855 ad
969 2789 1130 2855 libidines
1145 2807 1221 2874 quae
1240 2789 1282 2854 ad
1306 2807 1360 2855 res
1381 2787 1509 2874 publicas

323 2890 375 2957 vel
391 2891 433 2957 ad
449 2892 651 2980 religionem
672 2895 862 2963 attinebant
881 2897 1113 2963 concitandas.
1132 2895 1312 2962 Facillime
1330 2894 1510 2983 cogitatione

323 2996 502 3084 tinguntur
531 3000 609 3065 irati
638 3001 830 3087 infensique
859 3021 981 3068 sensus
1009 3006 1041 3069 et
1069 3021 1188 3068 omnes
1216 3002 1379 3068 libidines
1408 2999 1511 3087 quibus

323 3103 593 3194 incendebantur
608 3109 715 3174 animi
739 3110 893 3176 virorum
920 3108 975 3175 vix
999 3108 1206 3175 relectorum
1235 3128 1253 3174 a
1284 3107 1412 3175 terrore
1430 3120 1513 3193 quern

324 3211 474 3298 Hispana
498 3213 619 3280 classis
645 3216 699 3281 111
722 3216 872 3282 Armada
892 3234 1018 3281 nomen
1047 3216 1090 3281 iis
1122 3216 1298 3294 intulerat,
1329 3221 1362 3282 et
1388 3227 1516 3300 quorum

323 3318 414 3384 cives
434 3322 516 3386 tunc
531 3321 660 3386 bellum
675 3322 904 3406 asperrimum
929 3323 965 3389 in
986 3322 1126 3388 Batavia
1147 3341 1226 3388 cum
1252 3322 1414 3407 Hispanis
1438 3335 1518 3408 gere·

324 3424 416 3503 bant,
434 3445 542 3510 quum
562 3432 640 3494 ante
659 3431 775 3495 oculos
794 3448 912 3495 eorum
931 3431 1085 3496 dramate
1109 3432 1319 3513 ponerentur
1341 3433 1375 3495 11
1393 3443 1521 3516 ageren-

323 3533 380 3597 tur
413 3532 552 3599 horrida
580 3535 783 3602 Parisiensis
812 3536 920 3602 Caedis
950 3536 1155 3619 spectacula,
1191 3536 1347 3602 consulte
1375 3539 1471 3601 aucta
1497 3535 1525 3598 11

324 3638 472 3704 summis
487 3644 520 3705 et
535 3639 623 3716 fictis
640 3641 847 3708 facinoribus
862 3648 1033 3726 corrupta,
1056 3641 1155 3726 cujus
1179 3642 1282 3707 caedis
1306 3642 1478 3727 principes
1499 3642 1527 3705 et

323 3745 513 3824 architecti,
530 3766 637 3831 quum
653 3748 737 3825 veri,
755 3753 829 3815 tum
850 3748 952 3814 falsi:
976 3750 1045 3814 Rex
1066 3750 1275 3814 Francorum
1297 3752 1331 3814 et
1359 3750 1436 3815 aula
1463 3747 1529 3833 ejus

324 3871 404 3918 cum
423 3853 552 3918 Guisiis
576 3856 736 3920 atrociter
759 3855 1043 3942 depingebantur.
1070 3854 1265 3932 llarlovius‚
1288 3856 1412 3940 reipsa,
1439 3855 1530 3920 tabu-

324 3960 392 4024 lam
409 3950 507 4053 suam
524 3960 716 4040 scribendo,
734 3963 865 4028 nullam
882 3962 999 4027 omisit
1014 3980 1130 4028 rerum
1150 3979 1227 4045 quae
1251 3962 1294 4028 ad
1318 3962 1533 4028 oblectandas

323 4065 484 4131 vilissimi
513 4066 747 4133 multitudinis
784 4068 987 4153 cupiditates
1016 4068 1186 4152 pertinere
1219 4068 1463 4133 arbitrabatur.
1498 4070 1533 4134 ln

324 4176 465 4239 cunctas
488 4173 612 4239 transit
635 4174 822 4240 sententias
851 4175 972 4260 plebis
1003 4175 1102 4260 cujus
1132 4174 1318 4250 erroribus
1350 4174 1535 4241 iracundiae

324 4279 468 4365 odioque
483 4281 681 4347 assentitur.
698 4272 777 4347 Haec
792 4281 895 4347 etiam
910 4285 981 4346 tam
1001 4282 1166 4348 acerrime
1185 4280 1360 4365 exprimit,
1377 4285 1415 4347 ut
1435 4281 1532 4346 verba

325 4404 385 4451 sua
403 4387 477 4452 sine
492 4387 597 4454 dubio
611 4387 810 4454 mirandum
825 4387 861 4454 in
877 4389 1018 4454 modum
1034 4391 1235 4454 resonarent
1249 4388 1284 4452 in
1307 4388 1533 4473 spectantium

324 4492 450 4559 animis
465 4498 499 4560 et
513 4494 681 4560 maximos
696 4495 838 4580 plausus
853 4496 1051 4562 excitarent.

368 4601 465 4667 Nunc
478 4601 704 4687 quaerendum
724 4606 776 4669 est
790 4605 907 4669 utrum
924 4603 1062 4670 illarum
1077 4602 1186 4688 plebis
1201 4600 1431 4685 cupiditatum
1445 4601 1531 4665 llar-

325 4705 834 4797 111111111111111111111111,
852 4728 895 4777 an
911 4710 1023 4779 solum
1043 4728 1101 4776 eas
1120 4707 1329 4797 exprimeret
1350 4711 1388 4774 ut
1406 4705 1531 4774 certius
