3120 5474
825 390 1001 454 -las-

308 563 484 633 insumere
500 565 664 631 laborem.
684 562 875 631 lllirabilem
892 564 928 629 in
943 563 1086 629 modum
1112 561 1355 647 praesentiebat
1373 562 1486 628 resarta
1550 554 1553 598 ³

310 672 442 739 scenica
459 672 653 757 requisitas,
670 674 703 736 el
718 670 879 738 calluisse
898 670 1035 736 videtur
1055 670 1090 735 in
1109 669 1226 756 populi
1248 669 1404 735 sensibus
1420 687 1487 753 pros·
1554 660 1558 667 ’

309 779 489 864 piciendis.
508 780 573 845 llas
590 777 762 863 inprimis
782 795 861 843 eum
887 794 955 843 non
980 776 1145 863 fugiebat,
1164 779 1358 861 spectantes
1371 793 1488 860 quorun
1554 768 1558 811 ÷

309 901 408 949 meus
422 886 584 967 occupata
600 888 651 948 est
670 900 706 947 re
721 882 755 946 in
773 900 911 948 scenam
928 881 1067 947 inducta
1088 884 1288 965 accepturos
1308 900 1392 959 esse,
1407 881 1489 947 obsis·

310 992 400 1055 tento
424 990 531 1067 nullo,
556 988 674 1056 omnia
697 1007 776 1074 quae
800 988 866 1054 sibi
890 988 1165 1065 ostenderentur,
1192 987 1279 1054 dum
1306 989 1451 1055 sensibus
1468 990 1491 1053 et

308 1095 554 1181 cupiditatibus
573 1096 700 1181 quibus
724 1096 813 1180 capti
843 1099 958 1161 essent
979 1113 1046 1161 non
1064 1098 1302 1161 avocarentur.
1320 1096 1397 1163 Sine
1413 1094 1492 1161 dubio

308 1207 537 1287 perspexerat,
557 1203 585 1268 si
600 1201 815 1268 blandiretur
828 1201 1145 1267 vehementissima
1169 1205 1202 1267 et
1226 1201 1493 1269 communissima

308 1308 536 1394 cupiditatum
552 1313 634 1375 tunc
654 1308 856 1386 valentium,
883 1307 947 1373 sibi
974 1325 1042 1373 non
1067 1326 1153 1393 opus
1173 1305 1331 1375 futurum
1357 1326 1426 1374 esse
1445 1306 1494 1372 alio

307 1416 452 1494 auxilio,
481 1434 589 1500 quum
617 1414 805 1481 eniteretur
829 1417 867 1481 ut
890 1415 1024 1480 animos
1054 1414 1204 1481 flecteret
1233 1417 1267 1481 et
1295 1415 1449 1488 traheret,
1472 1415 1497 1478 et

308 1522 524 1589 solummodo
555 1541 628 1588 rem
661 1519 881 1587 adumbravit
908 1539 1013 1606 quam
1047 1519 1154 1599 forte,
1184 1521 1397 1606 temporibus
1419 1520 1496 1601 aliis,

308 1628 493 1716 diligenter
516 1631 550 1695 et
569 1628 717 1714 perfecte
736 1627 959 1713 depinxisset.
986 1628 1099 1708 Quum
1123 1627 1178 1694 bis
1196 1628 1332 1695 artibus
1353 1629 1497 1703 uteretur,

308 1754 346 1801 eo
361 1735 474 1822 magis
488 1753 590 1802 omne
609 1735 741 1801 crimen
765 1734 916 1821 effugere
940 1733 1003 1800 tibi
1027 1732 1210 1814 videbitur,
1238 1734 1425 1802 dummodo
1442 1751 1500 1800 rem

308 1842 543 1908 subcumdem
558 1840 760 1926 adspectum
777 1839 952 1926 subjicias,
970 1840 1061 1924 quod
1076 1841 1171 1907 nulla
1194 1841 1330 1908 ratione
1350 1841 1502 1908 valentius
1525 1880 1528 1887 -

309 1948 443 2015 animos
458 1965 595 2016 movere
610 1948 778 2033 potuisset
792 1965 896 2033 quam
919 1965 958 2013 ea
984 1946 1072 2014 serie
1097 1948 1374 2033 spectaculorum
1393 1947 1505 2034 quibus

309 2060 386 2122 ante
406 2056 522 2124 oculos
537 2055 694 2141 ponebat,
712 2054 948 2122 atrocissimas
962 2053 1119 2121 civilium
1134 2054 1306 2122 bellorum
1322 2056 1469 2123 saevitias
1480 2057 1508 2120 et

308 2163 423 2229 omnia
439 2163 579 2241 scelera,
601 2180 709 2248 quum
735 2181 841 2240 vera,
867 2165 942 2228 tum
966 2160 1065 2242 falsa,
1080 2164 1164 2228 tunc
1177 2161 1220 2227 ab
1236 2162 1280 2229 iis
1296 2163 1357 2248 qui
1376 2166 1509 2230 Proles·

310 2276 407 2339 tunts
423 2271 627 2338 dicebantur
642 2270 819 2338 catholicis
832 2269 1011 2356 obiectata.

352 2379 477 2445 Drama
508 2378 629 2464 incipit
657 2377 878 2445 matrimonio
906 2377 1132 2444 Navarrensis
1159 2376 1254 2465 regis
1282 2377 1356 2456 cui,
1387 2379 1513 2463 postea,

307 2504 416 2571 quum
431 2504 489 2552 rex
507 2487 716 2550 Francorum
733 2482 842 2553 factus
857 2487 921 2563 est,
938 2485 1108 2551 Henricus
1122 2486 1266 2569 quartus
1285 2502 1426 2563 nomen,
1443 2502 1517 2551 cum

308 2592 494 2679 Margarita
522 2591 710 2657 Valesionsi
740 2589 982 2678 (Marguertte
1010 2592 1057 2658 de
1093 2591 1242 2679 Veleia),
1278 2591 1373 2679 regis
1412 2590 1519 2659 Caroli

307 2699 389 2766 noni
417 2717 545 2779 sorore,
575 2717 642 2782 quo
666 2698 887 2765 matrimonio
911 2698 954 2765 ad
978 2697 1207 2783 parisiensem
1231 2698 1382 2777 caedem,
1415 2701 1454 2765 ut
1477 2699 1520 2764 ita

307 2806 433 2885 dicam,
456 2806 635 2891 prolusum
660 2803 737 2871 fuit.
763 2807 836 2872 Duo
852 2823 963 2892 reges,
983 2805 1223 2891 unusquisque
1238 2803 1437 2871 fautoribus
1452 2804 1522 2871 suis

307 2912 572 2998 circumseptus,
597 2931 632 2978 se
660 2915 782 2979 mutuo
804 2915 948 2980 onerant
968 2911 1131 2979 amicitiae
1152 2911 1337 2997 promissis
1355 2931 1438 2997 quae
1457 2930 1523 2979 non

308 3040 349 3087 ex
364 3039 432 3087 una
447 3021 543 3106 parte
560 3019 672 3107 magis
687 3019 820 3087 sincera
845 3022 926 3085 sunt
947 3037 1053 3104 quam
1073 3038 1114 3085 ex
1139 3019 1258 3085 altera.
1285 3018 1420 3085 Deinde
1444 3019 1525 3086 Gui-

308 3129 381 3195 sius
397 3130 472 3195 Dux
493 3127 702 3214 supervenit,
729 3127 772 3195 de
796 3127 967 3194 connubio
991 3126 1051 3193 illo
1075 3126 1299 3193 iratissimus.
1325 3127 1392 3193 Per
1417 3131 1526 3194 totam

308 3234 459 3302 fabulam
493 3234 693 3321 depingitur
724 3234 760 3300 in
793 3234 942 3319 potentia
975 3236 1009 3300 et
1037 3233 1074 3299 in
1102 3232 1290 3300 honoribus
1318 3234 1526 3319 appetendis

307 3342 527 3423 immodicus,
559 3339 674 3421 fallax,
701 3343 895 3426 corruptus
921 3359 981 3425 per
1004 3339 1057 3405 fas
1084 3342 1119 3406 et
1140 3338 1237 3406 nefas
1260 3341 1303 3407 ad
1327 3343 1527 3427 propositos

307 3447 405 3529 fines,
423 3448 625 3534 plerumque
641 3448 823 3514 sceleratos
837 3449 872 3513 et
886 3446 1088 3533 flagitiosos,
1113 3445 1270 3513 tendens.
1291 3446 1407 3513 Simul
1423 3452 1528 3535 atque

307 3557 460 3641 apparet,
484 3572 556 3622 rem
577 3553 791 3642 aggreditur.
819 3554 873 3620 Ad
896 3553 1089 3620 Johannam
1112 3553 1353 3620 Albretensem
1380 3551 1528 3641 (Jeanne

308 3661 486 3747 d‘Albret),
503 3662 751 3728 Navarrensem
772 3661 942 3748 reginam,
960 3660 1114 3727 manicas
1129 3660 1237 3726 mittit
1255 3678 1390 3728 veneno
1417 3661 1527 3730 infec-

307 3771 382 3847 tas;
405 3767 509 3834 militi
534 3767 676 3834 mandat
699 3770 738 3834 ut
762 3767 990 3834 Coliniensem
1021 3765 1189 3854 (Coligny)
1219 3766 1343 3834 ducem
1375 3769 1526 3836 occidat.

309 3877 440 3954 Postea,
469 3874 505 3940 in
533 3874 713 3959 soliloquio
736 3874 827 3959 quod
852 3873 937 3940 forte
954 3892 995 3940 ex
1012 3873 1164 3960 egregiis
1178 3872 1304 3940 fabulae
1319 3873 1406 3941 locis
1422 3895 1530 3961 praes

309 3980 526 4048 lautissimus
541 3982 604 4061 est,
621 3979 766 4046 consilia
780 3982 916 4065 pectore
931 3998 993 4046 suo
1007 3979 1183 4046 recondita
1201 3978 1364 4065 patefacit
1378 4001 1386 4060 ;
1414 3984 1527 4050 animi

309 4088 362 4155 sui
388 4106 511 4155 sensus
537 4091 571 4153 et
593 4091 709 4154 motus
736 4086 893 4154 effundit.
920 4086 1001 4153 Haec
1023 4085 1191 4153 dramatis
1217 4086 1299 4153 novi
1323 4087 1524 4175 soliloquia,

308 4194 435 4280 quibus
451 4193 526 4260 sine
541 4192 646 4260 dubio
661 4194 777 4279 plures
792 4191 891 4259 abusi
912 4193 1004 4271 sunt,
1028 4194 1180 4259 attamen
1203 4192 1283 4278 plus
1306 4213 1406 4281 aequo
1431 4198 1526 4265 vitu-

309 4304 425 4387 perata
449 4304 541 4367 sunt.
563 4301 691 4367 Natura
718 4299 851 4366 homini
869 4298 1012 4365 insitum
1028 4302 1080 4365 est
1096 4317 1177 4365 eum
1196 4298 1256 4384 qui
1279 4299 1316 4366 in
1342 4320 1382 4368 eo
1407 4305 1462 4369 est
1484 4308 1526 4371 ut

308 4424 394 4493 opus
409 4407 609 4493 periculosae
623 4406 707 4473 aleae
722 4405 863 4491 plenum
878 4404 1033 4491 incipiat,
1050 4405 1103 4472 vel
1118 4406 1230 4489 capiat
1245 4408 1433 4475 consilium
1453 4429 1524 4496 quo

309 4512 346 4581 in
370 4515 501 4582 lubrico
526 4513 732 4593 versabitur,
759 4512 859 4579 valde
877 4511 1089 4578 conturbari.
1118 4512 1308 4579 Hominum
1332 4513 1397 4582 hoc
1416 4518 1523 4584 modo

309 4621 534 4689 sollicitorum
549 4639 684 4703 sensus,
701 4620 737 4687 in
751 4619 1016 4699 dramateuovo,
1033 4619 1216 4704 soliloquio
1228 4620 1424 4705 plurimum
1439 4641 1521 4709 ape-

308 4726 458 4799 riuntur.
476 4729 625 4797 Persona
639 4746 717 4816 quaa
733 4726 907 4815 pulpitum
921 4730 1065 4814 occupat
1080 4730 1194 4796 motus
1217 4731 1251 4795 et
1274 4728 1420 4799 affectus
1438 4729 1520 4818 qui·
