<?xml version="1.0" encoding="UTF-8"?>
<!DOCTYPE html PUBLIC "-//W3C//DTD XHTML 1.0 Transitional//EN"
    "http://www.w3.org/TR/xhtml1/DTD/xhtml1-transitional.dtd">
<html xmlns="http://www.w3.org/1999/xhtml" xml:lang="en" lang="en">
 <head>
  <title>
</title>
<meta http-equiv="Content-Type" content="text/html;charset=utf-8" />
  <meta name='ocr-system' content='tesseract 3.04.00' />
  <meta name='ocr-capabilities' content='ocr_page ocr_carea ocr_par ocr_line ocrx_word'/>
</head>
<body>
  <div class='ocr_page' id='page_1' title='image "./demarlovianisfa00faligoog_0097.png"; bbox 0 0 3120 5474; ppageno 0'>
   <div class='ocr_carea' id='block_1_1' title="bbox 780 293 936 358">
    <p class='ocr_par' dir='ltr' id='par_1_1' title="bbox 780 293 936 358">
     <span class='ocr_line' id='line_1_1' title="bbox 780 293 936 358; baseline -0.006 -19"><span class='ocrx_word' id='word_1_1' title='bbox 780 293 936 358; x_wconf 75' lang='grc'>..86-</span> 
     </span>
    </p>
   </div>
   <div class='ocr_carea' id='block_1_2' title="bbox 219 463 1483 2575">
    <p class='ocr_par' dir='ltr' id='par_1_2' title="bbox 254 463 1480 1387">
     <span class='ocr_line' id='line_1_2' title="bbox 255 463 1473 550; baseline -0.002 -16"><span class='ocrx_word' id='word_1_2' title='bbox 255 468 368 534; x_wconf 85' lang='lat' dir='ltr'><strong>retum</strong></span> <span class='ocrx_word' id='word_1_3' title='bbox 388 482 479 546; x_wconf 90' lang='lat' dir='ltr'><strong>esse,</strong></span> <span class='ocrx_word' id='word_1_4' title='bbox 500 466 534 531; x_wconf 93' lang='lat' dir='ltr'><strong>et</strong></span> <span class='ocrx_word' id='word_1_5' title='bbox 551 482 620 531; x_wconf 92' lang='lat' dir='ltr'><strong>non</strong></span> <span class='ocrx_word' id='word_1_6' title='bbox 639 482 719 531; x_wconf 92' lang='lat' dir='ltr'><strong>eum</strong></span> <span class='ocrx_word' id='word_1_7' title='bbox 743 463 850 531; x_wconf 89' lang='lat' dir='ltr'><strong>inisse</strong></span> <span class='ocrx_word' id='word_1_8' title='bbox 874 464 933 550; x_wconf 90' lang='lat' dir='ltr'><strong>qui</strong></span> <span class='ocrx_word' id='word_1_9' title='bbox 954 463 1043 531; x_wconf 84' lang='lat' dir='ltr'><strong>hanc</strong></span> <span class='ocrx_word' id='word_1_10' title='bbox 1064 464 1201 550; x_wconf 82' lang='lat' dir='ltr'><strong>culpem</strong></span> <span class='ocrx_word' id='word_1_11' title='bbox 1222 464 1473 533; x_wconf 80' lang='lat' dir='ltr'><strong>commisisset.</strong></span> 
     </span>
     <span class='ocr_line' id='line_1_3' title="bbox 254 570 1476 657; baseline -0.001 -17"><span class='ocrx_word' id='word_1_12' title='bbox 254 572 320 640; x_wconf 77' lang='lat' dir='ltr'><strong>Sed</strong></span> <span class='ocrx_word' id='word_1_13' title='bbox 337 590 408 638; x_wconf 88' lang='lat' dir='ltr'><strong>non</strong></span> <span class='ocrx_word' id='word_1_14' title='bbox 426 573 497 638; x_wconf 87' lang='lat' dir='ltr'><strong>iam</strong></span> <span class='ocrx_word' id='word_1_15' title='bbox 516 574 732 657; x_wconf 83' lang='lat' dir='ltr'><strong>compertum</strong></span> <span class='ocrx_word' id='word_1_16' title='bbox 754 574 807 637; x_wconf 85' lang='lat' dir='ltr'><strong>est</strong></span> <span class='ocrx_word' id='word_1_17' title='bbox 825 588 929 656; x_wconf 84' lang='lat' dir='ltr'><strong>quem</strong></span> <span class='ocrx_word' id='word_1_18' title='bbox 956 570 1081 657; x_wconf 78' lang='lat' dir='ltr'><strong>llycius</strong></span> <span class='ocrx_word' id='word_1_19' title='bbox 1102 572 1200 656; x_wconf 82' lang='lat' dir='ltr'><strong>putat</strong></span> <span class='ocrx_word' id='word_1_20' title='bbox 1219 570 1421 639; x_wconf 85' lang='lat' dir='ltr'><strong>Chetteium</strong></span> <span class='ocrx_word' id='word_1_21' title='bbox 1440 572 1476 639; x_wconf 91' lang='lat' dir='ltr'><strong>in</strong></span> 
     </span>
     <span class='ocr_line' id='line_1_4' title="bbox 254 677 1475 765; baseline 0 -19"><span class='ocrx_word' id='word_1_22' title='bbox 254 696 400 746; x_wconf 82' lang='lat' dir='ltr'><strong>numero</strong></span> <span class='ocrx_word' id='word_1_23' title='bbox 416 678 583 744; x_wconf 89' lang='lat' dir='ltr'><strong>bonorum</strong></span> <span class='ocrx_word' id='word_1_24' title='bbox 599 677 752 744; x_wconf 84' lang='lat' dir='ltr'><strong>virorum</strong></span> <span class='ocrx_word' id='word_1_25' title='bbox 768 677 886 755; x_wconf 85' lang='lat' dir='ltr'><strong>luisse,</strong></span> <span class='ocrx_word' id='word_1_26' title='bbox 904 680 936 743; x_wconf 90' lang='lat' dir='ltr'><strong>et</strong></span> <span class='ocrx_word' id='word_1_27' title='bbox 950 677 1163 763; x_wconf 75' lang='lat' dir='ltr'><strong>temporibus</strong></span> <span class='ocrx_word' id='word_1_28' title='bbox 1182 678 1253 744; x_wconf 91' lang='lat' dir='ltr'><strong>illis</strong></span> <span class='ocrx_word' id='word_1_29' title='bbox 1267 678 1294 744; x_wconf 91' lang='lat' dir='ltr'><strong>ii</strong></span> <span class='ocrx_word' id='word_1_30' title='bbox 1310 678 1373 765; x_wconf 87' lang='lat' dir='ltr'><strong>qui</strong></span> <span class='ocrx_word' id='word_1_31' title='bbox 1392 679 1475 747; x_wconf 86' lang='lat' dir='ltr'><strong>scri-</strong></span> 
     </span>
     <span class='ocr_line' id='line_1_5' title="bbox 254 782 1476 871; baseline 0.001 -19"><span class='ocrx_word' id='word_1_32' title='bbox 254 785 380 861; x_wconf 76' lang='lat' dir='ltr'><strong>bebant</strong></span> <span class='ocrx_word' id='word_1_33' title='bbox 408 802 476 851; x_wconf 89' lang='lat' dir='ltr'><strong>non</strong></span> <span class='ocrx_word' id='word_1_34' title='bbox 505 786 576 853; x_wconf 78' lang='lat' dir='ltr'><strong>tom</strong></span> <span class='ocrx_word' id='word_1_35' title='bbox 601 784 794 851; x_wconf 77' lang='lat' dir='ltr'><strong>verecunde</strong></span> <span class='ocrx_word' id='word_1_36' title='bbox 818 786 854 850; x_wconf 91' lang='lat' dir='ltr'><strong>et</strong></span> <span class='ocrx_word' id='word_1_37' title='bbox 880 782 1040 871; x_wconf 76' lang='lat' dir='ltr'><strong>religiose</strong></span> <span class='ocrx_word' id='word_1_38' title='bbox 1063 802 1118 850; x_wconf 86' lang='lat' dir='ltr'><strong>res</strong></span> <span class='ocrx_word' id='word_1_39' title='bbox 1143 803 1221 869; x_wconf 87' lang='lat' dir='ltr'><strong>quae</strong></span> <span class='ocrx_word' id='word_1_40' title='bbox 1245 787 1409 870; x_wconf 58' lang='lat' dir='ltr'><strong>metant</strong></span> <span class='ocrx_word' id='word_1_41' title='bbox 1432 785 1476 854; x_wconf 78' lang='lat' dir='ltr'><strong>ed</strong></span> 
     </span>
     <span class='ocr_line' id='line_1_6' title="bbox 255 889 1479 978; baseline 0.002 -20"><span class='ocrx_word' id='word_1_42' title='bbox 255 892 388 961; x_wconf 70' lang='lat' dir='ltr'><strong>litteras</strong></span> <span class='ocrx_word' id='word_1_43' title='bbox 408 889 555 978; x_wconf 80' lang='lat' dir='ltr'><strong>egebant</strong></span> <span class='ocrx_word' id='word_1_44' title='bbox 576 908 679 975; x_wconf 87' lang='lat' dir='ltr'><strong>quom</strong></span> <span class='ocrx_word' id='word_1_45' title='bbox 701 890 803 976; x_wconf 87' lang='lat' dir='ltr'><strong>liqui</strong></span> <span class='ocrx_word' id='word_1_46' title='bbox 829 890 985 957; x_wconf 85' lang='lat' dir='ltr'><strong>scribunt</strong></span> <span class='ocrx_word' id='word_1_47' title='bbox 1007 890 1118 957; x_wconf 91' lang='lat' dir='ltr'><strong>hodie.</strong></span> <span class='ocrx_word' id='word_1_48' title='bbox 1141 891 1257 973; x_wconf 84' lang='lat' dir='ltr'><strong>Quum</strong></span> <span class='ocrx_word' id='word_1_49' title='bbox 1276 892 1351 959; x_wconf 87' lang='lat' dir='ltr'><strong>haec</strong></span> <span class='ocrx_word' id='word_1_50' title='bbox 1368 893 1479 960; x_wconf 85' lang='lat' dir='ltr'><strong>edidit</strong></span> 
     </span>
     <span class='ocr_line' id='line_1_7' title="bbox 255 995 1479 1084; baseline 0.002 -20"><span class='ocrx_word' id='word_1_51' title='bbox 255 997 440 1064; x_wconf 78' lang='lat' dir='ltr'><strong>meledicta</strong></span> <span class='ocrx_word' id='word_1_52' title='bbox 455 995 608 1083; x_wconf 81' lang='lat' dir='ltr'><strong>salseque</strong></span> <span class='ocrx_word' id='word_1_53' title='bbox 624 997 768 1064; x_wconf 79' lang='lat' dir='ltr'><strong>crimina</strong></span> <span class='ocrx_word' id='word_1_54' title='bbox 785 1015 877 1082; x_wconf 82' lang='lat' dir='ltr'><strong>quae,</strong></span> <span class='ocrx_word' id='word_1_55' title='bbox 895 995 969 1082; x_wconf 80' lang='lat' dir='ltr'><strong>jam</strong></span> <span class='ocrx_word' id='word_1_56' title='bbox 990 998 1207 1084; x_wconf 81' lang='lat' dir='ltr'><strong>pervulgata,</strong></span> <span class='ocrx_word' id='word_1_57' title='bbox 1229 1001 1268 1064; x_wconf 94' lang='lat' dir='ltr'><strong>ut</strong></span> <span class='ocrx_word' id='word_1_58' title='bbox 1282 996 1479 1066; x_wconf 89' lang='lat' dir='ltr'><strong>verisimile</strong></span> 
     </span>
     <span class='ocr_line' id='line_1_8' title="bbox 258 1102 1480 1191; baseline 0.001 -20"><span class='ocrx_word' id='word_1_59' title='bbox 258 1107 321 1184; x_wconf 87' lang='lat' dir='ltr'><strong>est,</strong></span> <span class='ocrx_word' id='word_1_60' title='bbox 343 1103 487 1191; x_wconf 87' lang='lat' dir='ltr'><strong>collegit</strong></span> <span class='ocrx_word' id='word_1_61' title='bbox 510 1106 543 1170; x_wconf 91' lang='lat' dir='ltr'><strong>et</strong></span> <span class='ocrx_word' id='word_1_62' title='bbox 564 1121 633 1170; x_wconf 91' lang='lat' dir='ltr'><strong>non</strong></span> <span class='ocrx_word' id='word_1_63' title='bbox 656 1102 844 1170; x_wconf 83' lang='lat' dir='ltr'><strong>fabricatus</strong></span> <span class='ocrx_word' id='word_1_64' title='bbox 867 1105 930 1183; x_wconf 82' lang='lat' dir='ltr'><strong>est,</strong></span> <span class='ocrx_word' id='word_1_65' title='bbox 956 1102 1130 1171; x_wconf 86' lang='lat' dir='ltr'><strong>Chettelus</strong></span> <span class='ocrx_word' id='word_1_66' title='bbox 1154 1102 1379 1172; x_wconf 81' lang='lat' dir='ltr'><strong>existimabat</strong></span> <span class='ocrx_word' id='word_1_67' title='bbox 1404 1102 1480 1172; x_wconf 89' lang='lat' dir='ltr'><strong>sine</strong></span> 
     </span>
     <span class='ocr_line' id='line_1_9' title="bbox 258 1209 1480 1296; baseline 0.001 -18"><span class='ocrx_word' id='word_1_68' title='bbox 258 1210 363 1278; x_wconf 91' lang='lat' dir='ltr'><strong>dubio</strong></span> <span class='ocrx_word' id='word_1_69' title='bbox 378 1210 513 1277; x_wconf 85' lang='lat' dir='ltr'><strong>aemulis</strong></span> <span class='ocrx_word' id='word_1_70' title='bbox 532 1211 653 1296; x_wconf 88' lang='lat' dir='ltr'><strong>plusve</strong></span> <span class='ocrx_word' id='word_1_71' title='bbox 668 1211 826 1276; x_wconf 87' lang='lat' dir='ltr'><strong>minusve</strong></span> <span class='ocrx_word' id='word_1_72' title='bbox 842 1209 964 1276; x_wconf 90' lang='lat' dir='ltr'><strong>invisis</strong></span> <span class='ocrx_word' id='word_1_73' title='bbox 980 1212 1013 1276; x_wconf 91' lang='lat' dir='ltr'><strong>et</strong></span> <span class='ocrx_word' id='word_1_74' title='bbox 1033 1209 1068 1276; x_wconf 91' lang='lat' dir='ltr'><strong>in</strong></span> <span class='ocrx_word' id='word_1_75' title='bbox 1088 1210 1279 1296; x_wconf 87' lang='lat' dir='ltr'><strong>periculum</strong></span> <span class='ocrx_word' id='word_1_76' title='bbox 1296 1229 1337 1278; x_wconf 82' lang='lat' dir='ltr'><strong>ac</strong></span> <span class='ocrx_word' id='word_1_77' title='bbox 1351 1210 1480 1279; x_wconf 87' lang='lat' dir='ltr'><strong>discri-</strong></span> 
     </span>
     <span class='ocr_line' id='line_1_10' title="bbox 258 1316 961 1387; baseline -0.004 -2"><span class='ocrx_word' id='word_1_78' title='bbox 258 1335 340 1387; x_wconf 80' lang='lat' dir='ltr'><strong>men</strong></span> <span class='ocrx_word' id='word_1_79' title='bbox 351 1317 513 1385; x_wconf 73' lang='lat' dir='ltr'><strong>adductis</strong></span> <span class='ocrx_word' id='word_1_80' title='bbox 530 1316 656 1384; x_wconf 80' lang='lat' dir='ltr'><strong>facetos</strong></span> <span class='ocrx_word' id='word_1_81' title='bbox 673 1316 834 1383; x_wconf 83' lang='lat' dir='ltr'><strong>exhibere</strong></span> <span class='ocrx_word' id='word_1_82' title='bbox 849 1317 961 1383; x_wconf 88' lang='lat' dir='ltr'><strong>ludos.</strong></span> 
     </span>
    </p>

    <p class='ocr_par' dir='ltr' id='par_1_3' title="bbox 219 1423 1483 2575">
     <span class='ocr_line' id='line_1_11' title="bbox 299 1423 1481 1497; baseline 0.001 -5"><span class='ocrx_word' id='word_1_83' title='bbox 299 1423 500 1497; x_wconf 76' lang='lat' dir='ltr'><strong>Uenetiam</strong></span> <span class='ocrx_word' id='word_1_84' title='bbox 525 1442 642 1491; x_wconf 81' lang='lat' dir='ltr'><strong>rorum</strong></span> <span class='ocrx_word' id='word_1_85' title='bbox 667 1423 967 1490; x_wconf 83' lang='lat' dir='ltr'><strong>circumstantium</strong></span> <span class='ocrx_word' id='word_1_86' title='bbox 999 1423 1184 1490; x_wconf 78' lang='lat' dir='ltr'><strong>benevim</strong></span> <span class='ocrx_word' id='word_1_87' title='bbox 1213 1423 1318 1493; x_wconf 81' lang='lat' dir='ltr'><strong>babet</strong></span> <span class='ocrx_word' id='word_1_88' title='bbox 1342 1427 1383 1491; x_wconf 92' lang='lat' dir='ltr'><strong>ut</strong></span> <span class='ocrx_word' id='word_1_89' title='bbox 1415 1424 1481 1493; x_wconf 80' lang='lat' dir='ltr'><strong>boc</strong></span> 
     </span>
     <span class='ocr_line' id='line_1_12' title="bbox 219 1528 1481 1617; baseline 0 -19"><span class='ocrx_word' id='word_1_90' title='bbox 219 1557 221 1561; x_wconf 95' lang='lat'>·</span> <span class='ocrx_word' id='word_1_91' title='bbox 257 1531 542 1603; x_wconf 69' lang='lat' dir='ltr'><strong>deponeretis</strong></span> <span class='ocrx_word' id='word_1_92' title='bbox 564 1530 680 1597; x_wconf 87' lang='lat' dir='ltr'><strong>libello</strong></span> <span class='ocrx_word' id='word_1_93' title='bbox 703 1549 767 1596; x_wconf 87' lang='lat' dir='ltr'><strong>suo</strong></span> <span class='ocrx_word' id='word_1_94' title='bbox 789 1529 962 1596; x_wconf 84' lang='lat' dir='ltr'><strong>Ghettelus</strong></span> <span class='ocrx_word' id='word_1_95' title='bbox 982 1529 1076 1596; x_wconf 75' lang='lat' dir='ltr'><strong>laedit</strong></span> <span class='ocrx_word' id='word_1_96' title='bbox 1097 1528 1225 1596; x_wconf 82' lang='lat' dir='ltr'><strong>famem</strong></span> <span class='ocrx_word' id='word_1_97' title='bbox 1244 1529 1481 1617; x_wconf 84' lang='lat' dir='ltr'><strong>Shakespeerl</strong></span> 
     </span>
     <span class='ocr_line' id='line_1_13' title="bbox 257 1635 1480 1724; baseline 0 -20"><span class='ocrx_word' id='word_1_98' title='bbox 257 1637 336 1724; x_wconf 82' lang='lat' dir='ltr'><strong>qui,</strong></span> <span class='ocrx_word' id='word_1_99' title='bbox 354 1639 393 1704; x_wconf 87' lang='lat' dir='ltr'><strong>ut</strong></span> <span class='ocrx_word' id='word_1_100' title='bbox 407 1637 492 1722; x_wconf 85' lang='lat' dir='ltr'><strong>ipse,</strong></span> <span class='ocrx_word' id='word_1_101' title='bbox 509 1636 603 1703; x_wconf 82' lang='lat' dir='ltr'><strong>viam</strong></span> <span class='ocrx_word' id='word_1_102' title='bbox 623 1636 816 1703; x_wconf 81' lang='lat' dir='ltr'><strong>llttemrum</strong></span> <span class='ocrx_word' id='word_1_103' title='bbox 836 1635 1104 1723; x_wconf 79' lang='lat' dir='ltr'><strong>ingrediebatur,</strong></span> <span class='ocrx_word' id='word_1_104' title='bbox 1125 1636 1238 1703; x_wconf 83' lang='lat' dir='ltr'><strong>lenius</strong></span> <span class='ocrx_word' id='word_1_105' title='bbox 1259 1655 1368 1721; x_wconf 84' lang='lat' dir='ltr'><strong>quem</strong></span> <span class='ocrx_word' id='word_1_106' title='bbox 1389 1639 1480 1704; x_wconf 85' lang='lat' dir='ltr'><strong>llor-</strong></span> 
     </span>
     <span class='ocr_line' id='line_1_14' title="bbox 260 1742 1481 1831; baseline 0.001 -21"><span class='ocrx_word' id='word_1_107' title='bbox 260 1743 341 1811; x_wconf 90' lang='lat' dir='ltr'><strong>lovli</strong></span> <span class='ocrx_word' id='word_1_108' title='bbox 355 1743 416 1830; x_wconf 83' lang='lat' dir='ltr'><strong>qul</strong></span> <span class='ocrx_word' id='word_1_109' title='bbox 436 1745 519 1809; x_wconf 88' lang='lat' dir='ltr'><strong>tuno</strong></span> <span class='ocrx_word' id='word_1_110' title='bbox 534 1742 688 1810; x_wconf 81' lang='lat' dir='ltr'><strong>ilorebel.</strong></span> <span class='ocrx_word' id='word_1_111' title='bbox 707 1743 906 1829; x_wconf 85' lang='lat' dir='ltr'><strong>Asporrime</strong></span> <span class='ocrx_word' id='word_1_112' title='bbox 927 1743 1065 1828; x_wconf 86' lang='lat' dir='ltr'><strong>uirique</strong></span> <span class='ocrx_word' id='word_1_113' title='bbox 1083 1743 1270 1810; x_wconf 82' lang='lat' dir='ltr'><strong>maledicit.</strong></span> <span class='ocrx_word' id='word_1_114' title='bbox 1296 1743 1363 1811; x_wconf 87' lang='lat' dir='ltr'><strong>Sed</strong></span> <span class='ocrx_word' id='word_1_115' title='bbox 1390 1763 1481 1831; x_wconf 81' lang='lat' dir='ltr'><strong>proe-</strong></span> 
     </span>
     <span class='ocr_line' id='line_1_15' title="bbox 259 1847 1483 1938; baseline 0.002 -21"><span class='ocrx_word' id='word_1_116' title='bbox 259 1850 414 1917; x_wconf 73' lang='lat' dir='ltr'><strong>sentiens</strong></span> <span class='ocrx_word' id='word_1_117' title='bbox 437 1847 508 1915; x_wconf 85' lang='lat' dir='ltr'><strong>iore</strong></span> <span class='ocrx_word' id='word_1_118' title='bbox 528 1852 567 1922; x_wconf 80' lang='lat' dir='ltr'><strong>ut</strong></span> <span class='ocrx_word' id='word_1_119' title='bbox 590 1868 609 1915; x_wconf 85' lang='lat' dir='ltr'>a</span> <span class='ocrx_word' id='word_1_120' title='bbox 633 1849 759 1935; x_wconf 87' lang='lat' dir='ltr'><strong>priore,</strong></span> <span class='ocrx_word' id='word_1_121' title='bbox 784 1853 923 1935; x_wconf 86' lang='lat' dir='ltr'><strong>propter</strong></span> <span class='ocrx_word' id='word_1_122' title='bbox 940 1847 1016 1935; x_wconf 88' lang='lat' dir='ltr'><strong>ejus</strong></span> <span class='ocrx_word' id='word_1_123' title='bbox 1039 1867 1217 1916; x_wconf 87' lang='lat' dir='ltr'><strong>summum</strong></span> <span class='ocrx_word' id='word_1_124' title='bbox 1241 1849 1426 1938; x_wconf 83' lang='lat' dir='ltr'><strong>ingenium</strong></span> <span class='ocrx_word' id='word_1_125' title='bbox 1446 1855 1483 1919; x_wconf 86' lang='lat' dir='ltr'><strong>et</strong></span> 
     </span>
     <span class='ocr_line' id='line_1_16' title="bbox 261 1955 1480 2044; baseline -0.001 -21"><span class='ocrx_word' id='word_1_126' title='bbox 261 1956 448 2044; x_wconf 80' lang='lat' dir='ltr'><strong>sequiorem</strong></span> <span class='ocrx_word' id='word_1_127' title='bbox 466 1955 577 2023; x_wconf 70' lang='lat' dir='ltr'><strong>demtis</strong></span> <span class='ocrx_word' id='word_1_128' title='bbox 594 1955 739 2042; x_wconf 81' lang='lat' dir='ltr'><strong>egendae</strong></span> <span class='ocrx_word' id='word_1_129' title='bbox 758 1955 938 2034; x_wconf 84' lang='lat' dir='ltr'><strong>rollonem,</strong></span> <span class='ocrx_word' id='word_1_130' title='bbox 962 1955 1075 2042; x_wconf 79' lang='lat' dir='ltr'><strong>magis</strong></span> <span class='ocrx_word' id='word_1_131' title='bbox 1090 1957 1222 2022; x_wconf 81' lang='lat' dir='ltr'><strong>metuet</strong></span> <span class='ocrx_word' id='word_1_132' title='bbox 1236 1974 1342 2042; x_wconf 81' lang='lat' dir='ltr'><strong>quam</strong></span> <span class='ocrx_word' id='word_1_133' title='bbox 1362 1975 1382 2022; x_wconf 85' lang='lat' dir='ltr'>a</span> <span class='ocrx_word' id='word_1_134' title='bbox 1399 1975 1480 2042; x_wconf 85' lang='lat' dir='ltr'><strong>pos-</strong></span> 
     </span>
     <span class='ocr_line' id='line_1_17' title="bbox 261 2060 1479 2148; baseline 0 -18"><span class='ocrx_word' id='word_1_135' title='bbox 261 2062 399 2142; x_wconf 76' lang='lat' dir='ltr'><strong>tor-iore,</strong></span> <span class='ocrx_word' id='word_1_136' title='bbox 419 2080 524 2148; x_wconf 86' lang='lat' dir='ltr'><strong>quem</strong></span> <span class='ocrx_word' id='word_1_137' title='bbox 544 2061 619 2128; x_wconf 82' lang='lat' dir='ltr'><strong>sine</strong></span> <span class='ocrx_word' id='word_1_138' title='bbox 632 2060 740 2129; x_wconf 90' lang='lat' dir='ltr'><strong>dubio</strong></span> <span class='ocrx_word' id='word_1_139' title='bbox 756 2064 980 2147; x_wconf 75' lang='lat' dir='ltr'><strong>mnspexerat</strong></span> <span class='ocrx_word' id='word_1_140' title='bbox 993 2062 1031 2128; x_wconf 92' lang='lat' dir='ltr'><strong>in</strong></span> <span class='ocrx_word' id='word_1_141' title='bbox 1045 2061 1238 2148; x_wconf 88' lang='lat' dir='ltr'><strong>periculum</strong></span> <span class='ocrx_word' id='word_1_142' title='bbox 1253 2063 1479 2145; x_wconf 88' lang='lat' dir='ltr'><strong>devolutum,</strong></span> 
     </span>
     <span class='ocr_line' id='line_1_18' title="bbox 262 2167 1482 2256; baseline 0.001 -20"><span class='ocrx_word' id='word_1_143' title='bbox 262 2168 416 2236; x_wconf 88' lang='lat' dir='ltr'><strong>inimicis</strong></span> <span class='ocrx_word' id='word_1_144' title='bbox 429 2167 699 2255; x_wconf 86' lang='lat' dir='ltr'><strong>circumseptum</strong></span> <span class='ocrx_word' id='word_1_145' title='bbox 714 2171 749 2234; x_wconf 87' lang='lat' dir='ltr'><strong>et</strong></span> <span class='ocrx_word' id='word_1_146' title='bbox 766 2168 888 2235; x_wconf 77' lang='lat' dir='ltr'><strong>insane</strong></span> <span class='ocrx_word' id='word_1_147' title='bbox 904 2168 1041 2235; x_wconf 82' lang='lat' dir='ltr'><strong>vivendi</strong></span> <span class='ocrx_word' id='word_1_148' title='bbox 1057 2169 1187 2235; x_wconf 85' lang='lat' dir='ltr'><strong>rollone</strong></span> <span class='ocrx_word' id='word_1_149' title='bbox 1201 2168 1482 2256; x_wconf 84' lang='lat' dir='ltr'><strong>libidinibusque</strong></span> 
     </span>
     <span class='ocr_line' id='line_1_19' title="bbox 262 2275 1479 2361; baseline 0.001 -19"><span class='ocrx_word' id='word_1_150' title='bbox 262 2275 460 2343; x_wconf 87' lang='lat' dir='ltr'><strong>immodicis</strong></span> <span class='ocrx_word' id='word_1_151' title='bbox 474 2275 511 2342; x_wconf 92' lang='lat' dir='ltr'><strong>in</strong></span> <span class='ocrx_word' id='word_1_152' title='bbox 526 2294 677 2361; x_wconf 88' lang='lat' dir='ltr'><strong>praeceps</strong></span> <span class='ocrx_word' id='word_1_153' title='bbox 687 2277 849 2354; x_wconf 87' lang='lat' dir='ltr'><strong>tractum,</strong></span> <span class='ocrx_word' id='word_1_154' title='bbox 862 2279 895 2342; x_wconf 90' lang='lat' dir='ltr'><strong>et</strong></span> <span class='ocrx_word' id='word_1_155' title='bbox 909 2276 971 2342; x_wconf 82' lang='lat' dir='ltr'><strong>has</strong></span> <span class='ocrx_word' id='word_1_156' title='bbox 984 2276 1027 2342; x_wconf 91' lang='lat' dir='ltr'><strong>ob</strong></span> <span class='ocrx_word' id='word_1_157' title='bbox 1038 2294 1159 2342; x_wconf 75' lang='lat' dir='ltr'><strong>causas</strong></span> <span class='ocrx_word' id='word_1_158' title='bbox 1168 2277 1479 2357; x_wconf 85' lang='lat' dir='ltr'><strong>contemnendum,</strong></span> 
     </span>
     <span class='ocr_line' id='line_1_20' title="bbox 263 2381 1482 2470; baseline 0 -21"><span class='ocrx_word' id='word_1_159' title='bbox 263 2381 498 2450; x_wconf 92' lang='lat' dir='ltr'><strong>dissimillimo</strong></span> <span class='ocrx_word' id='word_1_160' title='bbox 514 2384 616 2449; x_wconf 94' lang='lat' dir='ltr'><strong>modo</strong></span> <span class='ocrx_word' id='word_1_161' title='bbox 631 2382 796 2448; x_wconf 83' lang='lat' dir='ltr'><strong>adversus</strong></span> <span class='ocrx_word' id='word_1_162' title='bbox 811 2400 869 2447; x_wconf 89' lang='lat' dir='ltr'><strong>eos</strong></span> <span class='ocrx_word' id='word_1_163' title='bbox 884 2400 920 2448; x_wconf 91' lang='lat' dir='ltr'><strong>se</strong></span> <span class='ocrx_word' id='word_1_164' title='bbox 933 2382 1034 2470; x_wconf 86' lang='lat' dir='ltr'><strong>gerit.</strong></span> <span class='ocrx_word' id='word_1_165' title='bbox 1052 2381 1214 2450; x_wconf 85' lang='lat' dir='ltr'><strong>liorlovio</strong></span> <span class='ocrx_word' id='word_1_166' title='bbox 1228 2381 1482 2450; x_wconf 82' lang='lat' dir='ltr'><strong>brevissimum</strong></span> 
     </span>
     <span class='ocr_line' id='line_1_21' title="bbox 261 2485 923 2575; baseline 0 -21"><span class='ocrx_word' id='word_1_167' title='bbox 261 2485 551 2574; x_wconf 71' lang='lat' dir='ltr'><strong>fastidiosumque</strong></span> <span class='ocrx_word' id='word_1_168' title='bbox 566 2506 770 2575; x_wconf 83' lang='lat' dir='ltr'><strong>responsum</strong></span> <span class='ocrx_word' id='word_1_169' title='bbox 785 2487 899 2556; x_wconf 86' lang='lat' dir='ltr'><strong>reddit</strong></span> <span class='ocrx_word' id='word_1_170' title='bbox 915 2510 923 2555; x_wconf 92' lang='lat'>:</span> 
     </span>
    </p>
   </div>
   <div class='ocr_carea' id='block_1_3' title="bbox 264 2651 1482 2825">
    <p class='ocr_par' dir='ltr' id='par_1_4' title="bbox 264 2651 1482 2825">
     <span class='ocr_line' id='line_1_22' title="bbox 305 2651 1482 2743; baseline 0.007 -32"><span class='ocrx_word' id='word_1_171' title='bbox 305 2676 320 2715; x_wconf 70' lang='lat' dir='ltr'><strong>t</strong></span> <span class='ocrx_word' id='word_1_172' title='bbox 335 2651 426 2722; x_wconf 81' lang='lat' dir='ltr'><strong>With</strong></span> <span class='ocrx_word' id='word_1_173' title='bbox 442 2651 564 2717; x_wconf 80' lang='lat' dir='ltr'><strong>neither</strong></span> <span class='ocrx_word' id='word_1_174' title='bbox 578 2653 612 2716; x_wconf 88' lang='lat' dir='ltr'><strong>oi</strong></span> <span class='ocrx_word' id='word_1_175' title='bbox 628 2653 749 2722; x_wconf 84' lang='lat' dir='ltr'><strong>them...</strong></span> <span class='ocrx_word' id='word_1_176' title='bbox 771 2652 931 2722; x_wconf 85' lang='lat' dir='ltr'><strong>Chetteius</strong></span> <span class='ocrx_word' id='word_1_177' title='bbox 946 2654 1060 2743; x_wconf 82' lang='lat' dir='ltr'><strong>inquit,</strong></span> <span class='ocrx_word' id='word_1_178' title='bbox 1083 2670 1155 2720; x_wconf 80' lang='lat' dir='ltr'><strong>was</strong></span> <span class='ocrx_word' id='word_1_179' title='bbox 1170 2657 1183 2719; x_wconf 95' lang='lat'><em>1</em></span> <span class='ocrx_word' id='word_1_180' title='bbox 1197 2651 1400 2743; x_wconf 84' lang='lat' dir='ltr'><strong>acquainted,</strong></span> <span class='ocrx_word' id='word_1_181' title='bbox 1416 2654 1482 2719; x_wconf 81' lang='lat' dir='ltr'><strong>and</strong></span> 
     </span>
     <span class='ocr_line' id='line_1_23' title="bbox 264 2750 1014 2825; baseline -0.004 -10"><span class='ocrx_word' id='word_1_182' title='bbox 264 2751 342 2825; x_wconf 71' lang='lat' dir='ltr'><strong>pith</strong></span> <span class='ocrx_word' id='word_1_183' title='bbox 357 2771 418 2824; x_wconf 78' lang='lat' dir='ltr'><strong>one</strong></span> <span class='ocrx_word' id='word_1_184' title='bbox 432 2750 467 2814; x_wconf 86' lang='lat' dir='ltr'><strong>oi</strong></span> <span class='ocrx_word' id='word_1_185' title='bbox 477 2750 562 2823; x_wconf 80' lang='lat' dir='ltr'><strong>them</strong></span> <span class='ocrx_word' id='word_1_186' title='bbox 577 2755 590 2814; x_wconf 94' lang='lat' dir='ltr'><strong>l</strong></span> <span class='ocrx_word' id='word_1_187' title='bbox 607 2772 682 2825; x_wconf 72' lang='lat' dir='ltr'><strong>cere</strong></span> <span class='ocrx_word' id='word_1_188' title='bbox 696 2760 753 2819; x_wconf 90' lang='lat' dir='ltr'><strong>not</strong></span> <span class='ocrx_word' id='word_1_189' title='bbox 765 2751 792 2819; x_wconf 92' lang='lat' dir='ltr'><strong>ii</strong></span> <span class='ocrx_word' id='word_1_190' title='bbox 803 2755 816 2814; x_wconf 96' lang='lat' dir='ltr'><strong>l</strong></span> <span class='ocrx_word' id='word_1_191' title='bbox 833 2773 931 2823; x_wconf 87' lang='lat' dir='ltr'><strong>never</strong></span> <span class='ocrx_word' id='word_1_192' title='bbox 944 2752 983 2815; x_wconf 87' lang='lat' dir='ltr'><strong>be</strong></span> <span class='ocrx_word' id='word_1_193' title='bbox 993 2750 1014 2812; x_wconf 91' lang='lat'><strong>¹.</strong></span> 
     </span>
    </p>
   </div>
   <div class='ocr_carea' id='block_1_4' title="bbox 263 2916 1481 3330">
    <p class='ocr_par' dir='ltr' id='par_1_5' title="bbox 263 2916 1481 3330">
     <span class='ocr_line' id='line_1_24' title="bbox 305 2916 1481 3008; baseline 0.001 -22"><span class='ocrx_word' id='word_1_194' title='bbox 305 2918 469 3008; x_wconf 78' lang='lat' dir='ltr'><strong>(logiisns</strong></span> <span class='ocrx_word' id='word_1_195' title='bbox 482 2936 563 2986; x_wconf 81' lang='lat' dir='ltr'><strong>vero</strong></span> <span class='ocrx_word' id='word_1_196' title='bbox 573 2917 776 2985; x_wconf 80' lang='lat' dir='ltr'><strong>Merlovium</strong></span> <span class='ocrx_word' id='word_1_197' title='bbox 786 2916 846 3002; x_wconf 81' lang='lat' dir='ltr'><strong>qui</strong></span> <span class='ocrx_word' id='word_1_198' title='bbox 861 2917 897 2984; x_wconf 88' lang='lat' dir='ltr'><strong>in</strong></span> <span class='ocrx_word' id='word_1_199' title='bbox 911 2935 1049 2984; x_wconf 89' lang='lat' dir='ltr'><strong>summo</strong></span> <span class='ocrx_word' id='word_1_200' title='bbox 1059 2916 1273 2997; x_wconf 85' lang='lat' dir='ltr'><strong>discrimine,</strong></span> <span class='ocrx_word' id='word_1_201' title='bbox 1288 2918 1348 2983; x_wconf 91' lang='lat' dir='ltr'><strong>sed</strong></span> <span class='ocrx_word' id='word_1_202' title='bbox 1363 2918 1481 2987; x_wconf 80' lang='lat' dir='ltr'><strong>adhuc</strong></span> 
     </span>
     <span class='ocr_line' id='line_1_25' title="bbox 265 3024 1480 3113; baseline 0.001 -21"><span class='ocrx_word' id='word_1_203' title='bbox 265 3043 331 3093; x_wconf 91' lang='lat' dir='ltr'><strong>non</strong></span> <span class='ocrx_word' id='word_1_204' title='bbox 365 3025 520 3113; x_wconf 86' lang='lat' dir='ltr'><strong>perditus</strong></span> <span class='ocrx_word' id='word_1_205' title='bbox 548 3029 620 3103; x_wconf 91' lang='lat' dir='ltr'><strong>est,</strong></span> <span class='ocrx_word' id='word_1_206' title='bbox 652 3025 806 3092; x_wconf 85' lang='lat' dir='ltr'><strong>futurum</strong></span> <span class='ocrx_word' id='word_1_207' title='bbox 835 3044 909 3091; x_wconf 89' lang='lat' dir='ltr'><strong>esse</strong></span> <span class='ocrx_word' id='word_1_208' title='bbox 942 3024 1173 3092; x_wconf 76' lang='lat' dir='ltr'><strong>saevissimum</strong></span> <span class='ocrx_word' id='word_1_209' title='bbox 1205 3024 1408 3104; x_wconf 90' lang='lat' dir='ltr'><strong>immicum,</strong></span> <span class='ocrx_word' id='word_1_210' title='bbox 1449 3026 1480 3093; x_wconf 88' lang='lat' dir='ltr'><strong>si</strong></span> 
     </span>
     <span class='ocr_line' id='line_1_26' title="bbox 264 3131 1480 3223; baseline 0 -24"><span class='ocrx_word' id='word_1_211' title='bbox 264 3133 456 3223; x_wconf 88' lang='lat' dir='ltr'><strong>periculum</strong></span> <span class='ocrx_word' id='word_1_212' title='bbox 480 3132 649 3221; x_wconf 79' lang='lat' dir='ltr'><strong>effugerit,</strong></span> <span class='ocrx_word' id='word_1_213' title='bbox 676 3132 799 3199; x_wconf 89' lang='lat' dir='ltr'><strong>nititur</strong></span> <span class='ocrx_word' id='word_1_214' title='bbox 812 3133 935 3200; x_wconf 91' lang='lat' dir='ltr'><strong>deinde</strong></span> <span class='ocrx_word' id='word_1_215' title='bbox 951 3137 988 3199; x_wconf 94' lang='lat' dir='ltr'><strong>ut</strong></span> <span class='ocrx_word' id='word_1_216' title='bbox 1011 3131 1164 3217; x_wconf 85' lang='lat' dir='ltr'><strong>responsi</strong></span> <span class='ocrx_word' id='word_1_217' title='bbox 1181 3131 1235 3198; x_wconf 88' lang='lat' dir='ltr'><strong>sul</strong></span> <span class='ocrx_word' id='word_1_218' title='bbox 1255 3137 1480 3220; x_wconf 80' lang='lat' dir='ltr'><strong>arrogantem</strong></span> 
     </span>
     <span class='ocr_line' id='line_1_27' title="bbox 263 3234 1285 3330; baseline -0.001 -25"><span class='ocrx_word' id='word_1_219' title='bbox 263 3239 462 3326; x_wconf 76' lang='lat' dir='ltr'><strong>superbiam</strong></span> <span class='ocrx_word' id='word_1_220' title='bbox 474 3234 625 3330; x_wconf 86' lang='lat' dir='ltr'><strong>mitiget.</strong></span> <span class='ocrx_word' id='word_1_221' title='bbox 1283 3259 1285 3262; x_wconf 61' lang='grc'>’</span> 
     </span>
    </p>
   </div>
   <div class='ocr_carea' id='block_1_5' title="bbox 178 3402 1482 3871">
    <p class='ocr_par' dir='ltr' id='par_1_6' title="bbox 178 3402 1482 3871">
     <span class='ocr_line' id='line_1_28' title="bbox 306 3402 1480 3497; baseline -0.005 -24"><span class='ocrx_word' id='word_1_222' title='bbox 306 3405 402 3483; x_wconf 58' lang='lat'><strong>51²9?</strong></span> <span class='ocrx_word' id='word_1_223' title='bbox 423 3404 475 3476; x_wconf 87' lang='lat' dir='ltr'><strong>the</strong></span> <span class='ocrx_word' id='word_1_224' title='bbox 497 3407 578 3497; x_wconf 68' lang='lat' dir='ltr'><strong>first,</strong></span> <span class='ocrx_word' id='word_1_225' title='bbox 599 3404 685 3473; x_wconf 85' lang='lat' dir='ltr'><strong>addit</strong></span> <span class='ocrx_word' id='word_1_226' title='bbox 706 3403 875 3480; x_wconf 84' lang='lat' dir='ltr'><strong>Chettelus‚</strong></span> <span class='ocrx_word' id='word_1_227' title='bbox 891 3402 1003 3475; x_wconf 87' lang='lat' dir='ltr'><strong>whose</strong></span> <span class='ocrx_word' id='word_1_228' title='bbox 1022 3404 1170 3489; x_wconf 79' lang='lat' dir='ltr'><strong>learning</strong></span> <span class='ocrx_word' id='word_1_229' title='bbox 1185 3406 1198 3464; x_wconf 97' lang='lat' dir='ltr'><strong>l</strong></span> <span class='ocrx_word' id='word_1_230' title='bbox 1216 3422 1398 3478; x_wconf 73' lang='lat' dir='ltr'><strong>reveresco,</strong></span> <span class='ocrx_word' id='word_1_231' title='bbox 1415 3404 1480 3475; x_wconf 78' lang='lat' dir='ltr'><strong>and</strong></span> 
     </span>
     <span class='ocr_line' id='line_1_29' title="bbox 265 3500 1482 3599; baseline -0.002 -32"><span class='ocrx_word' id='word_1_232' title='bbox 265 3514 297 3577; x_wconf 84' lang='lat' dir='ltr'><strong>ai</strong></span> <span class='ocrx_word' id='word_1_233' title='bbox 311 3502 361 3579; x_wconf 80' lang='lat' dir='ltr'><strong>tile</strong></span> <span class='ocrx_word' id='word_1_234' title='bbox 376 3503 531 3599; x_wconf 81' lang='lat' dir='ltr'><strong>perusing</strong></span> <span class='ocrx_word' id='word_1_235' title='bbox 544 3503 579 3575; x_wconf 86' lang='lat' dir='ltr'><strong>oi</strong></span> <span class='ocrx_word' id='word_1_236' title='bbox 593 3505 735 3567; x_wconf 79' lang='lat' dir='ltr'><strong>Greenes</strong></span> <span class='ocrx_word' id='word_1_237' title='bbox 746 3501 865 3586; x_wconf 84' lang='lat' dir='ltr'><strong>Books,</strong></span> <span class='ocrx_word' id='word_1_238' title='bbox 881 3500 987 3570; x_wconf 85' lang='lat' dir='ltr'><strong>stroke</strong></span> <span class='ocrx_word' id='word_1_239' title='bbox 999 3511 1054 3571; x_wconf 88' lang='lat' dir='ltr'><strong>out</strong></span> <span class='ocrx_word' id='word_1_240' title='bbox 1064 3500 1234 3568; x_wconf 85' lang='lat' dir='ltr'><strong>whatthen</strong></span> <span class='ocrx_word' id='word_1_241' title='bbox 1245 3503 1278 3563; x_wconf 92' lang='lat' dir='ltr'><strong>in</strong></span> <span class='ocrx_word' id='word_1_242' title='bbox 1289 3501 1482 3564; x_wconf 86' lang='lat' dir='ltr'><strong>conscience</strong></span> 
     </span>
     <span class='ocr_line' id='line_1_30' title="bbox 178 3599 1481 3693; baseline -0.001 -30"><span class='ocrx_word' id='word_1_243' title='bbox 178 3607 180 3611; x_wconf 70' lang='grc'><em>”</em></span> <span class='ocrx_word' id='word_1_244' title='bbox 266 3600 279 3663; x_wconf 94' lang='lat' dir='ltr'><strong>i</strong></span> <span class='ocrx_word' id='word_1_245' title='bbox 305 3599 436 3682; x_wconf 84' lang='lat' dir='ltr'><strong>thought</strong></span> <span class='ocrx_word' id='word_1_246' title='bbox 449 3599 488 3663; x_wconf 91' lang='lat' dir='ltr'><strong>he</strong></span> <span class='ocrx_word' id='word_1_247' title='bbox 501 3601 536 3663; x_wconf 92' lang='lat' dir='ltr'><strong>in</strong></span> <span class='ocrx_word' id='word_1_248' title='bbox 551 3621 639 3674; x_wconf 88' lang='lat' dir='ltr'><strong>some</strong></span> <span class='ocrx_word' id='word_1_249' title='bbox 659 3601 855 3693; x_wconf 85' lang='lat' dir='ltr'><strong>displeasure</strong></span> <span class='ocrx_word' id='word_1_250' title='bbox 871 3602 943 3663; x_wconf 89' lang='lat' dir='ltr'><strong>writ</strong></span> <span class='ocrx_word' id='word_1_251' title='bbox 960 3622 966 3662; x_wconf 83' lang='lat' dir='ltr'>z</span> <span class='ocrx_word' id='word_1_252' title='bbox 985 3620 1022 3662; x_wconf 90' lang='lat' dir='ltr'><strong>or</strong></span> <span class='ocrx_word' id='word_1_253' title='bbox 1038 3599 1136 3662; x_wconf 83' lang='lat' dir='ltr'><strong>hedit</strong></span> <span class='ocrx_word' id='word_1_254' title='bbox 1151 3601 1250 3663; x_wconf 89' lang='lat' dir='ltr'><strong>beene</strong></span> <span class='ocrx_word' id='word_1_255' title='bbox 1271 3609 1352 3672; x_wconf 86' lang='lat' dir='ltr'><strong>true,</strong></span> <span class='ocrx_word' id='word_1_256' title='bbox 1375 3609 1425 3680; x_wconf 74' lang='lat' dir='ltr'><strong>yet</strong></span> <span class='ocrx_word' id='word_1_257' title='bbox 1448 3612 1481 3662; x_wconf 89' lang='lat' dir='ltr'><strong>to</strong></span> 
     </span>
     <span class='ocr_line' id='line_1_31' title="bbox 266 3697 1482 3783; baseline -0.002 -21"><span class='ocrx_word' id='word_1_258' title='bbox 266 3699 391 3783; x_wconf 86' lang='lat' dir='ltr'><strong>puhlish</strong></span> <span class='ocrx_word' id='word_1_259' title='bbox 406 3699 446 3772; x_wconf 89' lang='lat' dir='ltr'><strong>it,</strong></span> <span class='ocrx_word' id='word_1_260' title='bbox 466 3716 537 3761; x_wconf 84' lang='lat' dir='ltr'><strong>was</strong></span> <span class='ocrx_word' id='word_1_261' title='bbox 554 3699 751 3762; x_wconf 83' lang='lat' dir='ltr'><strong>intollerable</strong></span> <span class='ocrx_word' id='word_1_262' title='bbox 768 3721 774 3761; x_wconf 92' lang='lat'>:</span> <span class='ocrx_word' id='word_1_263' title='bbox 798 3697 862 3761; x_wconf 88' lang='lat' dir='ltr'><strong>him</strong></span> <span class='ocrx_word' id='word_1_264' title='bbox 880 3702 893 3762; x_wconf 97' lang='lat' dir='ltr'><strong>l</strong></span> <span class='ocrx_word' id='word_1_265' title='bbox 909 3699 1013 3762; x_wconf 86' lang='lat' dir='ltr'><strong>would</strong></span> <span class='ocrx_word' id='word_1_266' title='bbox 1028 3697 1113 3767; x_wconf 85' lang='lat' dir='ltr'><strong>wish</strong></span> <span class='ocrx_word' id='word_1_267' title='bbox 1133 3708 1164 3761; x_wconf 92' lang='lat' dir='ltr'><strong>to</strong></span> <span class='ocrx_word' id='word_1_268' title='bbox 1180 3719 1236 3761; x_wconf 92' lang='lat' dir='ltr'><strong>use</strong></span> <span class='ocrx_word' id='word_1_269' title='bbox 1252 3719 1301 3761; x_wconf 91' lang='lat' dir='ltr'><strong>me</strong></span> <span class='ocrx_word' id='word_1_270' title='bbox 1317 3714 1359 3759; x_wconf 91' lang='lat' dir='ltr'><strong>no</strong></span> <span class='ocrx_word' id='word_1_271' title='bbox 1375 3715 1482 3760; x_wconf 86' lang='lat' dir='ltr'><strong>worse</strong></span> 
     </span>
     <span class='ocr_line' id='line_1_32' title="bbox 266 3796 562 3871; baseline -0.024 -11"><span class='ocrx_word' id='word_1_272' title='bbox 266 3796 370 3871; x_wconf 79' lang='lat' dir='ltr'><strong>thani</strong></span> <span class='ocrx_word' id='word_1_273' title='bbox 388 3796 529 3865; x_wconf 74' lang='lat' dir='ltr'><strong>deservo,</strong></span> <span class='ocrx_word' id='word_1_274' title='bbox 550 3819 562 3852; x_wconf 72' lang='lat' dir='ltr'><strong>t</strong></span> 
     </span>
    </p>
   </div>
   <div class='ocr_carea' id='block_1_6' title="bbox 267 3961 1481 4243">
    <p class='ocr_par' dir='ltr' id='par_1_7' title="bbox 267 3961 1481 4243">
     <span class='ocr_line' id='line_1_33' title="bbox 308 3961 1481 4048; baseline -0.004 -11"><span class='ocrx_word' id='word_1_275' title='bbox 308 3962 544 4046; x_wconf 67' lang='lat' dir='ltr'><strong>§tamensem</strong></span> <span class='ocrx_word' id='word_1_276' title='bbox 558 3965 864 4048; x_wconf 63' lang='lat' dir='ltr'><strong>contetemperet</strong></span> <span class='ocrx_word' id='word_1_277' title='bbox 884 3961 1037 4033; x_wconf 80' lang='lat' dir='ltr'><strong>Enititur</strong></span> <span class='ocrx_word' id='word_1_278' title='bbox 1052 3964 1091 4030; x_wconf 88' lang='lat' dir='ltr'><strong>ui</strong></span> <span class='ocrx_word' id='word_1_279' title='bbox 1104 3961 1193 4031; x_wconf 85' lang='lat' dir='ltr'><strong>iram</strong></span> <span class='ocrx_word' id='word_1_280' title='bbox 1209 3961 1284 4048; x_wconf 89' lang='lat' dir='ltr'><strong>ejus</strong></span> <span class='ocrx_word' id='word_1_281' title='bbox 1300 3961 1481 4032; x_wconf 85' lang='lat' dir='ltr'><strong>blanditiis</strong></span> 
     </span>
     <span class='ocr_line' id='line_1_34' title="bbox 267 4067 1481 4155; baseline 0.002 -21"><span class='ocrx_word' id='word_1_282' title='bbox 267 4069 384 4146; x_wconf 85' lang='lat' dir='ltr'><strong>leniat,</strong></span> <span class='ocrx_word' id='word_1_283' title='bbox 402 4071 435 4135; x_wconf 91' lang='lat' dir='ltr'><strong>et</strong></span> <span class='ocrx_word' id='word_1_284' title='bbox 448 4067 499 4134; x_wconf 88' lang='lat' dir='ltr'><strong>rei</strong></span> <span class='ocrx_word' id='word_1_285' title='bbox 514 4068 683 4135; x_wconf 87' lang='lat' dir='ltr'><strong>rationem</strong></span> <span class='ocrx_word' id='word_1_286' title='bbox 699 4069 904 4154; x_wconf 81' lang='lat' dir='ltr'><strong>redditque,</strong></span> <span class='ocrx_word' id='word_1_287' title='bbox 926 4086 1003 4135; x_wconf 92' lang='lat' dir='ltr'><strong>meo</strong></span> <span class='ocrx_word' id='word_1_288' title='bbox 1015 4067 1158 4155; x_wconf 87' lang='lat' dir='ltr'><strong>judicio,</strong></span> <span class='ocrx_word' id='word_1_289' title='bbox 1175 4068 1271 4136; x_wconf 83' lang='lat' dir='ltr'><strong>fraus</strong></span> <span class='ocrx_word' id='word_1_290' title='bbox 1287 4070 1320 4136; x_wconf 91' lang='lat' dir='ltr'><strong>et</strong></span> <span class='ocrx_word' id='word_1_291' title='bbox 1335 4070 1481 4138; x_wconf 85' lang='lat' dir='ltr'><strong>mondo-</strong></span> 
     </span>
     <span class='ocr_line' id='line_1_35' title="bbox 268 4176 580 4243; baseline -0.003 -1"><span class='ocrx_word' id='word_1_292' title='bbox 268 4176 362 4242; x_wconf 92' lang='lat' dir='ltr'><strong>cium</strong></span> <span class='ocrx_word' id='word_1_293' title='bbox 376 4177 580 4243; x_wconf 80' lang='lat' dir='ltr'><strong>clarescunt.</strong></span> 
     </span>
    </p>
   </div>
   <div class='ocr_carea' id='block_1_7' title="bbox 269 4336 1481 4535">
    <p class='ocr_par' dir='ltr' id='par_1_8' title="bbox 269 4336 1481 4535">
     <span class='ocr_line' id='line_1_36' title="bbox 309 4336 1481 4421; baseline -0.001 -20"><span class='ocrx_word' id='word_1_294' title='bbox 309 4361 326 4394; x_wconf 74' lang='grc' dir='ltr'><strong>(ι</strong></span> <span class='ocrx_word' id='word_1_295' title='bbox 341 4336 406 4402; x_wconf 89' lang='lat' dir='ltr'><strong>The</strong></span> <span class='ocrx_word' id='word_1_296' title='bbox 416 4338 516 4415; x_wconf 86' lang='lat' dir='ltr'><strong>other,</strong></span> <span class='ocrx_word' id='word_1_297' title='bbox 527 4339 631 4421; x_wconf 82' lang='lat' dir='ltr'><strong>inquit</strong></span> <span class='ocrx_word' id='word_1_298' title='bbox 642 4338 813 4414; x_wconf 85' lang='lat' dir='ltr'><strong>Chetteius‚</strong></span> <span class='ocrx_word' id='word_1_299' title='bbox 826 4339 953 4403; x_wconf 86' lang='lat' dir='ltr'><strong>whome</strong></span> <span class='ocrx_word' id='word_1_300' title='bbox 964 4351 995 4403; x_wconf 85' lang='lat' dir='ltr'><strong>at</strong></span> <span class='ocrx_word' id='word_1_301' title='bbox 1010 4337 1076 4402; x_wconf 84' lang='lat' dir='ltr'><strong>that</strong></span> <span class='ocrx_word' id='word_1_302' title='bbox 1091 4339 1165 4402; x_wconf 90' lang='lat' dir='ltr'><strong>time</strong></span> <span class='ocrx_word' id='word_1_303' title='bbox 1176 4341 1190 4400; x_wconf 95' lang='lat' dir='ltr'><strong>l</strong></span> <span class='ocrx_word' id='word_1_304' title='bbox 1201 4338 1253 4401; x_wconf 94' lang='lat' dir='ltr'><strong>did</strong></span> <span class='ocrx_word' id='word_1_305' title='bbox 1265 4349 1321 4402; x_wconf 87' lang='lat' dir='ltr'><strong>not</strong></span> <span class='ocrx_word' id='word_1_306' title='bbox 1336 4357 1373 4400; x_wconf 91' lang='lat' dir='ltr'><strong>so</strong></span> <span class='ocrx_word' id='word_1_307' title='bbox 1384 4338 1481 4402; x_wconf 89' lang='lat' dir='ltr'><strong>much</strong></span> 
     </span>
     <span class='ocr_line' id='line_1_37' title="bbox 269 4435 1480 4535; baseline 0.001 -35"><span class='ocrx_word' id='word_1_308' title='bbox 269 4455 373 4535; x_wconf 80' lang='lat' dir='ltr'><strong>sparo,</strong></span> <span class='ocrx_word' id='word_1_309' title='bbox 390 4458 426 4502; x_wconf 83' lang='lat' dir='ltr'><strong>as</strong></span> <span class='ocrx_word' id='word_1_310' title='bbox 439 4438 527 4516; x_wconf 86' lang='lat' dir='ltr'><strong>since</strong></span> <span class='ocrx_word' id='word_1_311' title='bbox 543 4440 555 4501; x_wconf 94' lang='lat' dir='ltr'><strong>i</strong></span> <span class='ocrx_word' id='word_1_312' title='bbox 577 4435 657 4501; x_wconf 88' lang='lat' dir='ltr'><strong>wlsh</strong></span> <span class='ocrx_word' id='word_1_313' title='bbox 673 4441 687 4500; x_wconf 95' lang='lat' dir='ltr'><strong>l</strong></span> <span class='ocrx_word' id='word_1_314' title='bbox 710 4437 782 4513; x_wconf 85' lang='lat' dir='ltr'><strong>had,</strong></span> <span class='ocrx_word' id='word_1_315' title='bbox 799 4437 847 4501; x_wconf 89' lang='lat' dir='ltr'><strong>ior</strong></span> <span class='ocrx_word' id='word_1_316' title='bbox 862 4438 977 4502; x_wconf 83' lang='lat' dir='ltr'><strong>thetae</strong></span> <span class='ocrx_word' id='word_1_317' title='bbox 993 4440 1006 4500; x_wconf 96' lang='lat' dir='ltr'><strong>l</strong></span> <span class='ocrx_word' id='word_1_318' title='bbox 1027 4436 1107 4500; x_wconf 85' lang='lat' dir='ltr'><strong>have</strong></span> <span class='ocrx_word' id='word_1_319' title='bbox 1126 4436 1307 4500; x_wconf 85' lang='lat' dir='ltr'><strong>moderated</strong></span> <span class='ocrx_word' id='word_1_320' title='bbox 1321 4435 1372 4498; x_wconf 83' lang='lat' dir='ltr'><strong>tlte</strong></span> <span class='ocrx_word' id='word_1_321' title='bbox 1387 4435 1480 4501; x_wconf 86' lang='lat' dir='ltr'><strong>heate</strong></span> 
     </span>
    </p>
   </div>
   <div class='ocr_carea' id='block_1_8' title="bbox 300 4646 657 4716">
    <p class='ocr_par' dir='ltr' id='par_1_9' title="bbox 300 4646 657 4716">
     <span class='ocr_line' id='line_1_38' title="bbox 300 4646 657 4716; baseline 0.006 -18"><span class='ocrx_word' id='word_1_322' title='bbox 300 4649 311 4685; x_wconf 76' lang='lat'><strong>¹</strong></span> <span class='ocrx_word' id='word_1_323' title='bbox 328 4646 561 4714; x_wconf 55' lang='lat' dir='ltr'><strong>dilucide-Book,</strong></span> <span class='ocrx_word' id='word_1_324' title='bbox 576 4665 602 4716; x_wconf 92' lang='lat' dir='ltr'><strong>p.</strong></span> <span class='ocrx_word' id='word_1_325' title='bbox 617 4649 657 4702; x_wconf 80' lang='lat'><strong>³8.</strong></span> 
     </span>
    </p>
   </div>
   <div class='ocr_carea' id='block_1_9' title="bbox 0 0 1576 5474">
    <p class='ocr_par' dir='ltr' id='par_1_10' title="bbox 0 0 1576 5474">
     <span class='ocr_line' id='line_1_39' title="bbox 0 0 1576 5474; baseline 0 0"><span class='ocrx_word' id='word_1_326' title='bbox 0 0 1576 5474; x_wconf 95' lang='lat' dir='ltr'><strong> </strong></span> 
     </span>
    </p>
   </div>
  </div>
 </body>
</html>
