3120 5474
588 413 626 426 -
648 338 706 445 ns
726 333 776 429 -’

67 552 209 636 sertim,
247 553 291 620 ad
330 552 537 637 scriptorum
567 552 845 638 supradictorum
879 553 1054 638 exemplar
1085 552 1279 639 finguntur.¹

54 662 195 743 xOmnes
210 660 378 728 dramatis
392 678 526 727 casuse
546 661 682 745 scriptis
702 660 773 727 illis
795 660 925 747 sumpti
946 660 1086 727 fuerunt
1109 679 1117 723 :
1139 659 1281 724 occultae
1325 664 1328 669 ’

65 772 160 835 artes
174 767 302 854 quihus
316 769 539 835 Tamerlanus
553 767 590 833 in
609 786 758 855 regnum
778 768 957 835 Persicum
981 766 1148 852 pervenit,
1174 768 1283 833 certa-

65 893 148 941 men
176 874 251 960 ejus
284 878 318 941 et
349 873 518 960 Bajazeti;
554 874 752 959 posterioris
785 893 976 954 carcerem,
1011 876 1210 960 postquam,
1247 872 1282 937 in

64 983 140 1049 acie
155 985 288 1067 captus,
311 981 347 1048 in
362 999 500 1048 caveam
516 980 689 1066 conjectus
705 981 787 1061 luit;
804 982 963 1048 Damasci
979 982 1281 1069 expugnationem.

63 1091 238 1157 Caeterum
253 1089 346 1158 haud
365 1089 509 1156 dubium
530 1093 582 1155 est
601 1089 686 1173 quin
701 1091 885 1157 ltlarlovius
901 1089 1059 1178 vestigiis
1084 1106 1205 1156 eorum
1229 1087 1285 1153 in-

62 1217 211 1285 gressus
232 1197 293 1276 sit,
318 1197 445 1263 etenim
464 1195 507 1262 ah
527 1195 570 1261 iis
591 1196 673 1262 solis
694 1201 854 1264 narratur
875 1196 1007 1264 bellum
1026 1196 1117 1284 quod
1137 1196 1228 1262 inter
1249 1215 1286 1262 se

63 1307 195 1392 gerunt
209 1304 278 1370 duo
292 1303 416 1371 fratres
431 1304 491 1389 qui
506 1303 548 1370 de
567 1322 674 1391 regno
693 1304 829 1372 Persico
848 1308 991 1372 certant.
1010 1306 1147 1372 Fratres
1167 1307 1285 1371 autem

64 1411 139 1490 illi,
157 1413 305 1497 Myoetes
320 1414 353 1477 et
365 1412 519 1490 cosroes
538 1429 717 1496 nunquam
731 1411 882 1479 fuerunt.
900 1413 1004 1480 Fictae
1020 1417 1100 1479 sunt
1113 1408 1282 1498 personae,

65 1520 101 1584 et
120 1519 213 1586 ultra
232 1518 336 1585 fidem
357 1521 408 1584 est
427 1518 647 1596 Marlovium,
674 1518 703 1584 si
727 1518 874 1585 Meriam
895 1524 929 1586 et
953 1520 1187 1587 Perondinum
1214 1538 1284 1587 non

66 1625 228 1692 imitatus
243 1629 345 1706 osset,
363 1625 520 1692 eamdem
534 1624 676 1691 finxisse
691 1624 856 1693 fabulam.

113 1733 247 1800 Pariter
266 1733 487 1818 perspicuum
503 1736 554 1799 est
568 1732 770 1800 ltlarlovium
786 1733 971 1800 Perondini
988 1733 1093 1801 simul
1113 1753 1152 1801 ac
1166 1733 1286 1801 Mexiae

67 1839 305 1906 narrationem
324 1839 361 1905 in
384 1858 457 1906 rem
482 1857 581 1905 suam
601 1839 822 1916 convertisse,
845 1859 864 1907 a
884 1829 1109 1926 priore'enim
1130 1840 1287 1928 singulas

68 1965 125 2012 res
142 1946 293 2030 sumpsit
313 1965 400 2032 quas
417 1946 512 2031 prior
535 1965 603 2013 non
628 1945 762 2025 retulit,
789 1947 937 2033 exempli
961 1948 1088 2034 gratia,
1115 1948 1286 2034 quomodo

68 2056 231 2120 mortuus
261 2053 307 2119 sit
335 2052 535 2140 Bajazetus,
566 2053 625 2139 qui
654 2057 757 2139 caput
789 2073 892 2120 suum
922 2055 1107 2143 impegerit
1133 2055 1288 2123 adversis

69 2177 184 2227 caveae
210 2159 372 2227 cancellis
400 2164 433 2226 et
463 2177 627 2244 personas
655 2160 803 2226 duarum
831 2158 1057 2246 reginarum,
1095 2161 1288 2247 praesertim

69 2266 220 2344 Zabinae,
241 2285 319 2352 quae
343 2267 433 2352 apud
459 2266 713 2346 Perondinum‚
740 2266 830 2333 sicut
853 2266 888 2332 in
913 2265 1049 2348 sabula,
1075 2286 1215 2336 consors
1237 2271 1290 2334 est

71 2373 221 2440 carceris
236 2372 394 2462 conjugis
411 2373 477 2441 sui.

116 2521 129 2552 ‹
148 2500 274 2561 Messrs
289 2499 426 2562 Herlord
441 2499 504 2562 and
518 2500 675 2580 Wagner,
696 2498 799 2580 inquit
818 2499 975 2562 Bullenus
990 2496 1011 2573 ¹,
1033 2499 1186 2562 conclude
1208 2498 1290 2562 their

73 2594 234 2676 scholarly
249 2617 346 2679 paper
360 2599 438 2660 with
456 2618 475 2659 a
490 2597 677 2679 suggestion
691 2599 759 2659 that
775 2599 827 2660 the
847 2608 919 2678 poet
941 2621 953 2649 ι
975 2597 1125 2660 enriohed
1146 2597 1198 2660 his
1216 2608 1291 2685 eon·

73 2692 200 2774 ception
215 2692 249 2755 of
260 2696 312 2756 the
327 2705 447 2758 remote
457 2696 523 2758 and
534 2694 749 2759 little-known
763 2696 935 2776 countries,
948 2697 1062 2758 Persia
1074 2695 1136 2758 and
1149 2695 1288 2776 Scythia,

74 2789 156 2853 from
171 2792 224 2854 his
238 2793 383 2856 classioal
400 2793 531 2875 reading
544 2794 578 2855 in
592 2793 783 2868 Herodotus
794 2794 973 2876 Euripides,
987 2795 1050 2856 and
1067 2796 1259 2877 Xenophon,
1275 2819 1287 2848 »

78 2914 91 2942 ι
108 2890 172 2953 and
185 2893 253 2954 that
270 2916 282 2945 ‹
301 2892 353 2954 the
368 2892 515 2974 drawing
532 2891 566 2955 of
582 2894 634 2954 the
649 2894 742 2954 weak
757 2892 923 2973 Persians,
942 2894 1095 2973 Myeetes,
1113 2893 1288 2973 Chosroes,

76 2991 139 3052 and
157 2991 368 3054 Theridamas
387 2993 498 3054 whose
518 3015 531 3043 ι
548 2992 718 3054 weakness
733 3013 749 3046 a
769 2991 798 3052 is
819 2999 875 3053 not
892 2991 1026 3053 touched
1045 2991 1086 3072 by
1107 2991 1237 3070 Mexia,
1261 2990 1290 3052 is
1378 3054 1380 3061 ,

76 3090 202 3170 exactly
222 3091 309 3151 what
328 3111 378 3152 we
397 3089 510 3152 should
532 3098 643 3170 expect
666 3088 747 3151 lrom
768 3109 787 3153 a
805 3091 904 3170 youth
928 3088 1014 3151 fresh
1037 3089 1120 3152 from
1136 3091 1226 3151 those
1239 3089 1290 3150 old

76 3187 177 3250 books
190 3189 226 3249 in
241 3188 348 3251 which
362 3188 495 3250 Persian
513 3188 700 3268 effemiuaoy
721 3188 749 3250 is
769 3207 806 3250 so
827 3188 992 3270 piquantly
1013 3187 1193 3251 contrasted
1212 3185 1291 3250 with

77 3288 130 3350 the
144 3286 321 3351 hardihood
337 3286 371 3350 of
382 3287 511 3350 Graece.
530 3310 546 3342 »

121 3419 155 3484 Is
182 3417 294 3485 exitus
323 3415 496 3504 opusculi,
529 3422 568 3485 ut
598 3419 721 3485 caetero
746 3417 824 3484 aliae
851 3418 982 3502 partes,
1013 3415 1151 3484 subtilis
1179 3417 1232 3482 est
1259 3418 1293 3483 et

77 3524 293 3592 demonstrat
319 3543 377 3591 eos
405 3525 464 3610 qui
493 3523 648 3592 libellum
674 3524 887 3611 scripserunt
909 3525 1050 3591 solerter
1076 3527 1110 3590 et
1134 3524 1293 3590 accurate

78 3649 153 3698 rem
178 3632 412 3718 perpendisse.
442 3632 569 3699 Omnes
599 3635 714 3699 autem
742 3631 852 3697 fontes
880 3650 898 3697 e
928 3631 1055 3716 quibus
1083 3630 1293 3698 lllarloviana

78 3737 195 3807 sabula
210 3738 346 3821 cecidit,
362 3740 405 3806 ab
422 3739 466 3806 iis
485 3757 554 3805 non
568 3739 695 3824 reperti
712 3738 862 3806 luerunt.
891 3740 983 3806 Duos
1011 3738 1134 3805 saltem
1156 3735 1293 3804 silentio

77 3845 388 3932 praetermiserunt,
405 3847 465 3932 qui
481 3846 600 3934 magni
615 3845 783 3913 momenti
803 3847 896 3912 sunt.

125 3953 226 4020 Prior
239 3971 258 4019 a
272 3955 387 4041 Payno
398 3952 569 4020 uoliter02
588 3953 790 4040 designatus
804 3951 869 4018 fuit
884 3967 973 4019 anno
988 3951 1175 4020 millesimo
1190 3949 1295 4018 octin-

78 4060 268 4150 gentisimo
283 4061 497 4150 sexagesimo
511 4060 632 4147 quinto
650 4057 775 4147 (1865).
793 4060 885 4145 Opus
904 4064 957 4126 est
969 4060 1109 4127 Thomas
1129 4057 1295 4128 Neutonis

79 4166 243 4255 (Thomas
258 4167 411 4256 Newton)
429 4172 462 4234 et
478 4168 664 4255 inscriptus
681 4187 689 4233 :

123 4315 136 4346 ‹
164 4293 191 4354 A
217 4292 341 4355 notable
365 4292 509 4355 Historia
536 4291 570 4354 of
601 4293 652 4354 the
693 4292 862 4374 Saraoeus.
892 4289 1013 4371 Briefly
1045 4289 1108 4353 and
1141 4287 1296 4368 faithfully

77 4389 274 4472 descrybing
297 4392 349 4454 the
381 4392 530 4472 originall
557 4390 751 4472 beginning,
776 4390 987 4453 continuanee
1001 4389 1064 4451 and
1079 4408 1227 4467 successe
1241 4407 1296 4451 as-

78 4491 156 4554 well
177 4486 212 4551 of
232 4490 284 4551 the
308 4490 482 4570 Saraoeus,
508 4510 544 4552 as
567 4491 635 4552 also
656 4489 691 4552 of
710 4490 858 4563 TurkeS,
878 4487 1049 4568 SouldanS,
1080 4487 1294 4564 Memalukes‚

113 4669 123 4706 ¹
141 4663 289 4719 Marlowe’s
303 4663 401 4729 nortis,
417 4666 469 4718 vol.
486 4665 505 4730 l,
519 4680 545 4732 p.
558 4677 626 4717 xxm.

103 4749 123 4796 *²
137 4749 160 4801 Α
175 4747 400 4814 Bibliographical
411 4744 465 4800 and
478 4745 582 4800 critical
597 4750 743 4800 account...
758 4748 810 4800 vol.
826 4748 856 4813 Il,
872 4763 898 4816 p.
911 4746 953 4799 29.
1124 4805 1142 4863 8
