3120 5474
694 357 850 421 ..54-

168 530 388 601 lomentoble
400 530 519 599 Dectle
530 528 748 616 osEdreord
763 530 822 595 llic
832 528 1175 619 Secorrd.llusquam
1187 526 1365 595 dramatum

167 656 310 707 suorum
323 638 508 705 llarlovius
525 637 636 723 magis
652 636 800 703 ubertati
817 636 943 702 mentis
958 635 1116 715 indulsit,
1129 636 1367 722 nequeplenius

167 745 355 813 virtutibus
376 745 449 812 suis
469 763 554 811 usus
575 747 638 809 est.
656 744 763 811 Suum
786 746 953 828 temperat
974 742 1132 809 animum
1152 741 1252 828 cujus
1268 746 1368 808 tamen

168 853 259 920 acies
271 871 338 919 non
353 850 586 929 deminuitur3
605 868 717 917 mores
734 854 766 916 et
782 850 917 915 animos
933 848 1114 914 hominum
1130 848 1269 932 penitus
1282 848 1371 932 inspi-

168 959 227 1037 cit,
246 963 279 1026 et
302 960 434 1025 tantam
458 975 575 1024 rerum
602 958 818 1023 scenicorum
844 956 1019 1022 solertiam
1044 953 1197 1022 ostendit
1216 958 1255 1020 ut
1274 956 1372 1039 pateat

168 1066 348 1153 ingenium
372 1083 488 1144 suum,
510 1064 612 1131 annis
632 1069 665 1131 ct
685 1063 801 1130 labore
826 1066 1020 1143 maturum,
1044 1062 1079 1127 in
1104 1060 1179 1128 dies
1199 1061 1372 1129 accrevisse

169 1176 262 1242 etad
283 1192 461 1242 summum
482 1175 687 1261 perductum
707 1171 826 1239 fuisse.

213 1282 372 1348 Nescitur
386 1282 514 1367 quibus
534 1280 748 1367 temporibus
764 1277 877 1345 sabula
899 1276 958 1344 illa
975 1275 1163 1361 compositu
1184 1278 1218 1341 et
1237 1278 1309 1343 acta
1326 1274 1373 1341 sit.

170 1389 204 1456 Si
222 1390 334 1456 solum
351 1392 540 1475 spectarem
557 1389 599 1454 ad
616 1387 787 1453 scribendi
799 1391 909 1451 artem
920 1388 953 1451 et
965 1384 1006 1451 ad
1019 1386 1198 1449 maturum
1210 1383 1376 1470 ingenium

170 1516 247 1582 quae
273 1496 315 1563 ab
340 1515 378 1562 ea
407 1495 653 1573 ostenduntur,
684 1494 758 1560 sine
787 1493 856 1559 ulla
888 1491 1101 1559 dubitatione
1125 1508 1203 1557 eam
1232 1493 1378 1576 putarem

170 1603 325 1671 llarlovii
346 1602 575 1669 novissimum
593 1620 690 1686 opus
709 1600 733 1666 li
751 1600 809 1684 qui
835 1599 981 1665 credunt
1004 1598 1140 1665 Caedem
1160 1597 1379 1665 Parisiensem

171 1729 263 1777 anno
279 1709 464 1775 millesimo
483 1707 763 1796 quingentesimo
784 1705 1009 1794 nonagesimo
1029 1705 1130 1771 tertio
1147 1702 1260 1792 (1593)
1282 1704 1380 1790 pridie

173 1817 342 1885 calendas
361 1815 530 1897 Quintiles
552 1812 607 1901 (30
620 1811 724 1901 juia)
744 1813 899 1898 primum
918 1815 1031 1878 actam
1050 1810 1170 1891 fuisse,
1192 1812 1257 1878 soli
1276 1810 1381 1878 existi-

172 1926 270 1990 mant
289 1923 453 2007 hocopus
470 1920 668 1987 inchoatum
686 1939 725 1987 ac
740 1920 825 1985 rude
842 1918 1009 2004 scriptum
1025 1917 1134 1985 luisse
1149 1936 1259 2003 quum
1274 1918 1383 1985 drama

172 2030 278 2098 tantis
292 2028 455 2095 laudibus
470 2028 660 2113 praevalens
672 2026 746 2113 jam
762 2029 1037 2111 componeretur.
1054 2026 1256 2094 Eduardum
1273 2042 1383 2093 secun-

172 2139 255 2206 dum
272 2134 425 2222 profecto
443 2133 629 2201 llarlovius
645 2133 833 2201 elaboravit
848 2150 910 2199 nec
929 2150 1038 2218 quum
1055 2130 1196 2218 juvenis
1213 2137 1315 2213 esset,
1331 2149 1386 2197 nec

173 2244 279 2311 etiam
303 2261 412 2328 quum
435 2243 472 2309 iu
497 2259 636 2308 scenam
662 2240 841 2308 induceret
868 2239 1019 2325 primam
1043 2238 1118 2325 ejus
1141 2238 1308 2306 fabulam.
1325 2240 1387 2305 Hoc

174 2350 296 2418 drama
312 2350 542 2435 compositum
557 2353 590 2416 et
606 2352 721 2415 actum
738 2346 803 2414 fuit
817 2347 1031 2431 temporibus
1044 2365 1121 2432 quae
1136 2346 1227 2412 inter
1241 2346 1386 2432 primum

174 2459 285 2526 Judaei
305 2458 494 2525 Melitensis
514 2458 637 2524 ludum
656 2458 690 2522 et
709 2455 863 2522 llarlovii
885 2472 1004 2520 necem
1024 2451 1272 2533 interfuerunt,
1294 2453 1329 2519 id
1343 2453 1388 2517 est

178 2565 215 2631 in
239 2564 404 2649 temporis
424 2564 533 2649 spatio
553 2563 643 2629 iuter
664 2580 796 2628 annum
820 2561 1049 2627 millesimum
1074 2560 1388 2648 quingentesimum

176 2670 445 2758 nonagesimum
472 2668 585 2757 (1590)
609 2673 643 2736 et
668 2687 799 2736 annum
823 2668 1051 2734 millesimum
1076 2667 1388 2754 quingentesimum

179 2777 445 2864 nonagesimum
476 2777 617 2843 tertium
646 2775 824 2862 interjecto
851 2773 978 2862 (1593).
1004 2774 1207 2842 Wartonius
1231 2773 1387 2851 affirmet,

179 2885 239 2952 sed
269 2885 376 2951 nullis
405 2885 620 2972 argumentis
647 2883 829 2951 confirmat
858 2883 1060 2950 Eduardum
1091 2883 1285 2950 secundum
1312 2896 1389 2947 anno

179 2992 367 3059 millesimo
383 2991 663 3079 quingentesimo
678 2990 904 3076 nonagesimo
923 2989 1035 3077 (1590)
1052 2989 1221 3075 scriptum
1239 2988 1371 3057 suisset

225 3101 398 3165 Incertum
427 3102 478 3164 est
501 3117 569 3183 quo
597 3101 752 3184 tempore
775 3097 942 3164 comoedia
966 3096 1140 3176 llarlovii,
1171 3116 1249 3181 quae
1273 3095 1390 3162 amissa

180 3209 232 3273 est
247 3208 281 3272 et
295 3206 370 3272 sine
385 3206 490 3273 dubio
508 3205 622 3292 periit,
641 3208 714 3272 acta
731 3204 787 3270 sit.
808 3205 901 3286 Quae,
921 3229 935 3263 o
952 3204 1022 3270 The
1041 3203 1205 3269 Maiden's
1222 3203 1388 3286 Holiday»

181 3313 365 3398 inscripta,
393 3330 572 3397 nunquam
598 3312 689 3398 typis
711 3311 873 3377 mandata
899 3308 1006 3378 luisse
1033 3310 1183 3378 videtur.
1210 3310 1246 3376 Si
1276 3305 1391 3375 tabulis

181 3419 309 3506 quibus
332 3419 455 3485 titulus
479 3422 531 3485 est
559 3444 573 3478 o
601 3419 671 3484 The
697 3417 898 3484 Stationer's
917 3417 1011 3483 Book
1038 3442 1052 3477 »
1079 3415 1165 3483 fides
1185 3415 1390 3503 adjungitur,

183 3544 292 3612 quum
313 3526 498 3592 llarlovius
514 3525 603 3592 hanc
620 3525 785 3591 scriberet
803 3524 1019 3603 comoediam,
1037 3542 1114 3609 quae
1136 3521 1264 3588 tabulis
1283 3537 1392 3607 supra·

183 3633 287 3700 dictis
309 3635 388 3698 ante
406 3632 500 3698 diem
516 3636 651 3699 sextum
672 3633 753 3698 idus
768 3631 922 3715 Apriles,
947 3648 1037 3696 anno
1052 3633 1089 3696 P.
1107 3630 1142 3695 C.
1158 3631 1199 3696 N.
1217 3628 1394 3694 millesimo

185 3739 434 3807 sexcentesimo
458 3739 747 3825 quinquagesimo
776 3740 898 3823 quarto
928 3735 965 3823 (8
993 3737 1080 3803 avril
1110 3735 1218 3821 1651)
1242 3735 1395 3802 mandata

186 3847 263 3924 fuit,
281 3846 313 3912 ei
328 3845 452 3912 fuisset
469 3846 595 3913 laboris
611 3847 724 3913 socius
742 3846 888 3934 scriptor
899 3843 1054 3930 ejusdem
1069 3843 1181 3909 aetatis
1195 3844 1257 3929 qui
1273 3842 1397 3910 fabulas

184 3952 390 4039 composuit,
407 3955 441 4020 et
455 3953 510 4020 cui
527 3971 652 4019 nomen
669 3955 742 4019 erat
755 3954 929 4020 Johannes
944 3951 1050 4017 [laius
1066 3951 1172 4035 (John
1188 3951 1287 4039 Day).

230 4060 356 4147 Dycius
372 4060 476 4126 refert
488 4059 590 4126 aliam
607 4060 763 4127 llarlovii
779 4057 1016 4144 imperfectam
1031 4057 1185 4124 fabulam
1202 4077 1211 4122 ε
1233 4058 1305 4125 The
1323 4058 1398 4124 Tru-

185 4168 283 4254 gedy
298 4167 341 4254 of
358 4168 467 4246 Dido,
489 4185 605 4253 queen
620 4167 663 4254 os
674 4166 871 4252 Cortbope,
888 4165 978 4252 typis
993 4164 1192 4230 mandatam
1210 4182 1300 4231 anno
1316 4164 1351 4229 P.
1365 4151 1404 4226 C.'

186 4276 228 4341 N.
253 4275 440 4342 millesimo
468 4273 747 4362 quingentesimo
775 4273 1001 4361 nonagesimo
1031 4274 1153 4356 quarto
1184 4268 1315 4357 (1591),
1344 4265 1398 4353 qui

187 4381 366 4468 proximus
382 4383 448 4450 fuit
464 4386 540 4468 post
555 4383 663 4468 poetae
677 4399 809 4460 necem,
828 4380 948 4448 eodem
968 4378 1071 4445 modo
1093 4377 1243 4446 revisam
1258 4379 1292 4444 et
1307 4376 1397 4443 ahso-

220 4651 229 4686 ¹
243 4649 352 4714 History
367 4650 395 4701 ol
405 4649 516 4715 English
534 4649 641 4712 Poetry,
659 4647 696 4712 hy
710 4646 829 4698 Thomas
849 4646 970 4704 Warton,
990 4642 1101 4695 London
1120 4642 1188 4704 lsstl,
1205 4641 1280 4704 in-8·,
1294 4641 1345 4693 vol.
1360 4636 1400 4697 lV,

189 4745 216 4798 p.
230 4730 286 4782 266.
842 4734 844 4739 '
