3120 5474
690 459 870 525 -lat-

215 632 384 700 Nonnulli
408 631 604 718 scriptores,
629 629 720 700 inter
742 630 831 718 quos
853 630 1032 709 Bullenus,
1062 629 1231 698 inclinant
1254 630 1297 696 ad
1326 629 1388 696 hos

170 759 294 808 versus
309 741 525 826 reponendos
540 739 577 806 in
596 757 741 806 numero
761 739 1047 806 documentorum
1066 736 1120 803 vel
1139 735 1318 816 salsorum,
1334 734 1388 803 vel

172 848 448 915 adulteratorum
466 866 543 932 quae
553 849 690 934 Paynus
702 845 869 913 Collierus
880 844 916 910 in
927 843 1072 911 dubium
1084 861 1204 913 vocare
1213 843 1389 911 debuisset

172 957 205 1022 et
219 953 349 1040 quibus
364 955 399 1020 in
416 973 567 1022 errorem
583 953 744 1021 inductus
760 951 837 1021 fuit.

213 1145 226 1174 ι
244 1122 313 1182 The
329 1120 441 1198 editor,
452 1119 556 1200 inquit
565 1118 709 1181 Wardus
722 1116 744 1197 ¹,
760 1117 926 1181 considers
941 1119 1008 1180 that
1024 1118 1205 1199 Shalrspere
1220 1136 1294 1197 may
1308 1118 1390 1179 have

173 1219 265 1298 given
291 1238 382 1280 some
405 1219 536 1298 general
557 1217 843 1298 superintendence
863 1224 895 1279 to
915 1217 956 1279 its
975 1216 1201 1298 composition,
1221 1216 1328 1279 which
1349 1215 1390 1277 he

173 1315 308 1380 believes
324 1325 356 1379 to
372 1317 453 1379 have
467 1316 547 1378 been
561 1317 613 1379 the
629 1317 722 1378 work
736 1314 771 1378 of
781 1318 937 1378 Marston.
958 1339 971 1369 »

213 1481 382 1564 Quamvis
410 1500 465 1548 res
479 1481 654 1566 productae
678 1482 721 1548 ad
744 1480 961 1566 probandum
986 1479 1174 1548 secundam
1198 1464 1232 1546 et
1249 1477 1387 1565 tertiam

173 1592 304 1673 partem
322 1587 462 1656 Henrici
486 1588 578 1655 Sexti
599 1591 633 1656 et
653 1589 739 1656 duas
760 1588 971 1673 antiquiores
995 1586 1129 1653 fabulas
1152 1605 1171 1653 e
1194 1580 1322 1673 quibus
1340 1604 1389 1653 eae

173 1697 282 1765 ductae
311 1696 467 1774 fuerunt,
497 1715 516 1762 a
540 1695 704 1763 Marlovio
733 1695 879 1781 scriptas
908 1693 1016 1761 fuisse
1045 1710 1114 1761 non
1143 1693 1252 1760 multo
1275 1693 1389 1779 magis

170 1805 319 1883 valeant,
338 1804 416 1870 illas
433 1802 695 1888 praetermittere
711 1802 799 1869 mihi
819 1820 888 1867 non
902 1801 1051 1867 liberum
1066 1802 1130 1867 est.
1148 1802 1277 1866 Mentes
1291 1799 1387 1866 criti*

167 1929 291 1978 corum
304 1910 433 1996 quibus
444 1928 622 1995 perpensae
637 1909 777 1976 fuerunt
792 1911 925 1976 tantum
944 1908 1182 1987 incenderunt,
1196 1907 1388 1992 praesertim

163 2034 228 2101 per
243 2025 440 2103 postremos
459 2035 579 2095 annos,
601 2019 634 2083 et
654 2017 767 2084 locum
787 2015 1008 2101 praebuerunt
1022 2018 1094 2081 tam
1109 2015 1238 2081 multos
1255 2013 1387 2080 libellos

160 2124 307 2200 edendi,
330 2125 402 2188 tam
424 2122 554 2188 multas
580 2125 777 2210 genuerunt
800 2121 1026 2208 conjecturae,
1051 2125 1091 2188 ut
1114 2121 1327 2188 incurrerem
1350 2121 1387 2187 in

159 2231 303 2297 crimen
322 2229 541 2317 relinquendi
561 2229 598 2295 in
617 2230 801 2315 praeteritis
823 2228 1037 2315 propositum
1061 2227 1181 2316 magni
1205 2228 1385 2307 momenti,

158 2338 194 2404 si
225 2355 298 2405 non
328 2336 478 2404 breviter
509 2354 715 2422 exponerem
748 2337 919 2422 quomodo
950 2354 1005 2402 res
1034 2354 1126 2402 nunc
1158 2352 1194 2401 se
1225 2335 1384 2401 habeant.

158 2445 335 2527 Quamvis
365 2443 568 2530 conjecturae
596 2447 788 2532 praesertim
814 2447 857 2513 ad
883 2445 1159 2530 Shakespearum
1188 2442 1385 2530 respiciant,

158 2555 322 2618 attamen
340 2551 383 2616 ad
398 2552 601 2619 hlarlovium
616 2571 752 2638 quoque
766 2552 950 2638 pertinent.
967 2628 972 2640 ‚

212 2657 357 2725 Henrici
374 2659 461 2724 sexti
476 2660 624 2726 secunda
645 2664 678 2727 et
697 2659 798 2726 tertia
821 2677 900 2744 pars
923 2657 1078 2744 primum
1102 2656 1194 2744 typis
1216 2655 1387 2723 mandatae

159 2764 311 2833 fuerunt
326 2783 435 2851 quum
449 2766 486 2832 in
498 2767 625 2854 vulgus
640 2766 768 2832 emissa
784 2764 924 2831 suerunt
934 2763 1161 2849 Shahespeari
1171 2781 1272 2848 opera
1284 2761 1384 2850 (in-tl)

161 2890 250 2940 cura
276 2870 453 2959 Hemingii
479 2875 512 2939 et
534 2873 706 2941 Condellis
729 2873 897 2940 collecta²
922 2890 1012 2939 anno
1035 2869 1222 2938 millesimo
1247 2885 1385 2938 sexcen-

161 2980 293 3046 tesimo
313 2978 592 3047 vicesimotertio
610 2978 735 3068 (toas).

211 3086 390 3172 Superius,
407 3104 498 3154 anno
513 3089 549 3153 P.
567 3089 602 3154 G.
617 3087 658 3152 N.
673 3086 861 3152 millesimo
871 3084 1150 3174 quingentesimo
1160 3082 1385 3171 nonagesimo

164 3197 291 3280 quarto
305 3197 339 3260 et
354 3212 444 3261 anno
460 3198 623 3280 sequente
640 3191 870 3281 (leae-1595),
887 3193 978 3263 edita
994 3192 1130 3259 fuerant
1143 3192 1211 3259 duo
1228 3190 1385 3258 dramata

164 3319 245 3386 quae
259 3300 381 3367 multis
396 3301 480 3368 locis
494 3319 573 3367 cum
589 3301 724 3368 duabus
746 3300 954 3386 supradictis
969 3300 1125 3386 partibus
1140 3297 1280 3366 Henrici
1296 3295 1384 3363 sexti

167 3406 389 3474 conveniunt.
414 3407 461 3472 lis
484 3411 682 3495 congruunt
708 3426 778 3474 non
801 3409 914 3474 solum
943 3409 1166 3494 argumento,
1193 3406 1253 3473 sed
1278 3403 1383 3471 etiam

167 3513 296 3593 verbis,
322 3532 432 3599 quum
453 3515 544 3582 inter
562 3534 621 3581 sex
640 3515 750 3581 millia
771 3518 804 3581 et
823 3514 1054 3602 quadraginta
1074 3531 1135 3580 sex
1147 3530 1280 3593 versuS,
1297 3529 1384 3596 quos

169 3620 245 3687 duae
261 3621 401 3688 Henrici
422 3621 508 3687 sexti
526 3625 641 3706 partes
660 3619 970 3706 comprehendunt,
985 3620 1054 3686 duo
1070 3617 1182 3684 millia
1196 3618 1230 3682 et
1244 3615 1383 3682 ducenti

169 3729 387 3816 septuaginta
412 3732 481 3796 tres
508 3728 724 3814 reperiantur
747 3728 867 3817 plusve
891 3727 1052 3794 minusve
1076 3724 1225 3803 similes,
1242 3723 1382 3791 illarum

169 3834 365 3902 fabularum
382 3835 552 3902 versibus.

211 3944 355 4010 Illarum
370 3943 465 4029 prior
479 3942 646 4030 inscripta
660 3945 712 4009 est
728 3963 736 4009 :

210 4123 223 4156 «
240 4102 307 4164 The
322 4101 408 4164 First
422 4108 490 4176 part
504 4098 538 4162 ol
550 4101 602 4162 the
616 4098 808 4162 Contention
823 4097 957 4161 betwixt
968 4098 1021 4159 the
1033 4103 1098 4160 two
1111 4095 1237 4159 famous
1254 4096 1382 4158 Houses

171 4195 203 4259 ol
212 4199 303 4260 York
317 4198 380 4262 and
395 4201 579 4278 Lancaster‚
592 4198 670 4261 with
681 4198 734 4261 the
748 4197 842 4260 death
857 4195 891 4261 of
903 4197 956 4259 the
970 4195 1053 4277 good
1068 4195 1160 4258 Duke
1176 4194 1379 4276 Humphrey:

200 4428 288 4480 ¹Loc.
306 4428 368 4492 cit„
381 4432 403 4482 t.
418 4430 438 4492 I,
451 4444 481 4494 p.
496 4428 555 4480 200.

199 4509 258 4560 ²Mr
278 4509 401 4564 William
423 4509 622 4573 Shakespeares
646 4506 799 4568 comedim,
824 4504 955 4556 Histories
978 4504 1032 4556 and
1055 4502 1211 4568 Tragedies‚
1234 4501 1381 4554 Published

173 4589 316 4653 according
329 4593 358 4640 to
371 4590 418 4640 the
432 4593 493 4640 true
512 4589 643 4653 Originall
666 4587 771 4651 Copias.
796 4586 881 4637 Lond.
908 4584 1018 4636 Printed
1040 4585 1076 4648 by
1095 4585 1169 4635 Isaac
1192 4582 1309 4646 laggard
1327 4583 1382 4632 and

172 4667 275 4720 Edwald
288 4669 387 4720 Blouut
397 4669 468 4733 (1623
481 4669 562 4734 in·i⁰].
576 4696 608 4707 -
620 4667 767 4720 Dedicated
778 4669 806 4717 to
818 4665 941 4720 William
955 4663 1032 4716 Earle
1049 4663 1078 4714 oi
1088 4662 1247 4724 Pembroke,
1263 4663 1314 4713 etc.
1327 4661 1382 4712 and

173 4746 258 4813 Philip
280 4749 358 4801 llarle
377 4749 406 4800 ol
422 4749 618 4814 Moutgomery‚
639 4751 694 4801 etc.
718 4748 815 4812 signed
836 4746 908 4798 John
932 4745 1062 4810 Heminge
1083 4744 1138 4797 end
1160 4744 1250 4808 ilenry
1271 4742 1381 4795 Condell

174 4826 327 4894 (Loundes).
