3120 5474
775 401 951 463 -106-

301 575 404 642 Jocus
426 575 629 660 plusquam
649 573 733 640 satis
751 577 823 641 erat
845 574 888 641 ad
909 573 1014 640 bilem
1029 573 1298 641 iracundissimo
1313 573 1479 659 scriptori

258 683 554 750 commovendam.
594 683 804 767 Quapropter
831 681 994 749 Marlovio
1028 699 1097 748 non
1130 680 1283 767 pepercit
1321 681 1479 766 quoties·

258 807 407 873 cumque
429 789 643 856 occasionem
668 789 820 874 arripere
843 789 954 874 potuit
976 789 1188 855 mentionem
1211 787 1286 873 ejus
1309 786 1477 856 faciendi.

203 896 663 975 Ι,11311111111133113133133
678 896 964 983 Supererogation
979 900 989 936 ¹
1004 896 1182 981 inscripto.

232 1086 235 1091 -
300 1076 313 1107 ι
330 1053 390 1115 His
404 1048 440 1134 (i.
458 1070 485 1114 e.
502 1049 650 1132 Nasho's)
666 1060 775 1134 gayest
788 1050 957 1115 llourishes
977 1072 1031 1115 are
1053 1052 1108 1115 but
1122 1051 1334 1133 Gascoigne's
1350 1052 1482 1116 weedes

258 1169 295 1212 31
324 1151 501 1215 Tarleton’s
527 1149 657 1226 tricies,
684 1170 721 1214 or
747 1151 900 1214 Greene's
930 1152 1083 1223 crankes,
1116 1171 1154 1214 31
1183 1150 1377 1214 Marlowe's
1410 1151 1482 1215 bra·

257 1248 444 1314 vadoes2.»

302 1417 337 1482 ln
361 1418 480 1483 eodem
504 1417 669 1503 opusculo
693 1413 832 1502 subjicit
848 1417 952 1484 verbo
976 1416 1224 1486 dicrtoroec'sm
1246 1417 1340 1484 hanc
1364 1418 1481 1485 natio-

257 1542 363 1591 nem:
385 1525 682 1592 irreverentiam.

301 1631 381 1699 Loci
404 1651 422 1698 a
443 1632 585 1700 Bulleno
604 1633 642 1699 in
661 1633 774 1700 lucem
798 1630 945 1700 revocati
966 1631 1085 1720 magni
1101 1631 1268 1699 momenti
1286 1619 1392 1700 sunt.
1403 1635 1482 1701 Non

258 1739 369 1807 solum
393 1740 630 1807 demonstrant
653 1739 803 1826 oblique,
828 1758 949 1806 verum
975 1738 1168 1820 manifesto,
1193 1740 1481 1808 Tamerlanuma

256 1847 417 1914 Marlovio
446 1847 613 1933 scriptum
642 1846 765 1929 fuisse,
796 1847 988 1913 sedetiam
1016 1846 1203 1913 ostendunt
1232 1848 1411 1932 quomodo
1441 1864 1482 1915 ea

256 1973 334 2039 quae
360 1953 485 2020 tradita
514 1956 596 2020 sunt
620 1954 662 2020 de
689 1955 819 2021 Greeno
847 1954 973 2020 misere
1002 1956 1035 2019 31
1061 1953 1208 2038 turpiter
1232 1952 1302 2021 vita
1333 1973 1482 2022 excesso

256 2079 374 2146 sparsa
399 2060 469 2126 sint
496 2064 529 2127 et
551 2060 655 2128 sulem
684 2061 957 2146 impetraverint.
989 2062 1230 2126 Demonstrani
1252 2079 1394 2146 quoque
1421 2081 1481 2128 eos

256 2168 316 2254 qui
336 2167 379 2235 ab
398 2168 482 2237 urbe
500 2168 730 2237 discesserant
749 2169 786 2236 in
805 2170 916 2236 totum
932 2169 1073 2256 ignaros
1087 2166 1195 2235 fuisse
1209 2168 1294 2254 quid
1309 2169 1480 2238 Londinii

256 2279 428 2364 ageretur.

298 2384 410 2450 Tertio
426 2383 475 2449 rei
490 2385 614 2451 testem
629 2383 795 2451 habemus
811 2384 977 2450 Thomam
993 2383 1238 2470 Heywoodum,
1256 2382 1359 2469 cujus
1377 2386 1481 2470 pater

256 2490 449 2558 Interludos
468 2491 505 2557 in
520 2491 637 2577 populi
652 2490 803 2558 favorem
818 2491 982 2568 restituit,
1000 2490 1177 2557 Henslovii
1196 2490 1351 2558 diarium
1369 2491 1481 2559 refert

255 2597 421 2663 Thomam
441 2598 672 2685 Heywoodum
700 2616 790 2664 anno
808 2600 845 2664 P.
863 2598 899 2664 C.
916 2599 957 2663 N.
983 2597 1169 2664 millesimo
1188 2597 1480 2684 quingentesimo

255 2704 480 2790 nonagesimo
504 2709 598 2772 sexto
619 2703 732 2792 (1596)
751 2704 903 2771 fabulam
927 2705 1076 2784 dedisse,
1101 2723 1142 2770 ex
1161 2723 1229 2789 quo
1244 2706 1481 2791 consequitur

255 2810 343 2877 illud
356 2813 405 2889 ut,
418 2811 882 2891 ineunteadolescentiasua,
895 2810 1049 2878 Marlovii
1061 2812 1203 2896 aequalis
1214 2810 1478 2880 fueritVerum

255 2935 346 2984 anno
361 2918 546 2984 millesimo
562 2918 809 2985 sexcentesimo
824 2917 1000 2984 tricesimo
1014 2918 1115 2984 tertio
1140 2914 1266 3003 (1633),
1287 2918 1477 2986 Marlovia-

254 3042 336 3092 nam
350 3024 503 3092 fabulam
523 3010 684 3096 meiero
703 3025 746 3110 of
760 3026 877 3094 Metto
898 3012 1019 3103 edidit,
1035 3028 1069 3091 et
1084 3025 1121 3091 in
1135 3025 1247 3111 prima
1263 3023 1340 3109 ejus
1356 3023 1477 3092 fronte

255 3133 460 3218 proaemium
474 3135 660 3220 praeposuit
674 3153 741 3219 quo
756 3133 1040 3200 commemoravit
1052 3132 1205 3200 fabulam
1220 3132 1318 3198 illam
1334 3133 1477 3200 theatro

254 3240 310 3307 oui
328 3240 782 3326 Coclrpr'tTltectrenomen
797 3243 881 3307 tunc
894 3259 1017 3307 rursus
1032 3242 1144 3306 actam
1160 3239 1278 3320 fuisse,
1297 3241 1331 3306 et
1347 3239 1475 3307 drama

254 3346 342 3413 illud
359 3348 488 3432 pariter
512 3366 552 3414 ac
577 3347 836 3416 Tomburlac'ne
857 3352 890 3414 31
908 3349 1005 3415 Hero
1021 3347 1097 3414 cod
1112 3345 1283 3414 Leander
1297 3345 1474 3431 scriptum

255 3455 362 3522 fnisse
377 3476 396 3524 a
411 3457 586 3539 Marlovio‚
608 3457 708 3543 qu'us
726 3475 853 3523 nomen
875 3457 911 3524 in
937 3455 1041 3542 hujus
1059 3454 1124 3522 loci
1149 3453 1308 3541 margine
1337 3453 1474 3520 adscri-

255 3562 381 3631 bitur-³.
417 3565 509 3652 Ergo
537 3582 607 3632 non
635 3565 782 3632 dubium
810 3566 862 3631 est
898 3562 983 3648 quin
1010 3562 1195 3630 llarlovius
1223 3559 1474 3628 Tamerlanum

287 3766 295 3800 ¹
309 3767 417 3817 Pierces
431 3766 667 3832 Supererogation‚
687 3780 718 3818 or
731 3780 748 3818 3
763 3781 819 3818 new
840 3767 940 3831 Prayse
957 3766 986 3817 31
1001 3764 1104 3815 theold
1122 3764 1196 3814 Asse:
1216 3763 1237 3814 Α
1252 3761 1432 3826 Preparetive
1446 3765 1475 3813 13

254 3847 358 3914 3311313
377 3847 467 3911 larger
487 3848 653 3908 Discourses,
673 3847 800 3900 intituled
813 3848 916 3900 Nashes
929 3847 955 3898 S.
969 3847 1058 3897 Fame.
1074 3844 1194 3907 London,
1207 3844 1232 3895 J.
1245 3841 1346 3904 wolfe,
1362 3841 1436 3906 1593,
1450 3845 1474 3895 1ο

255 3925 408 3992 (Lownder).

285 4015 297 4050 ²
312 4018 421 4078 Bullen‚
438 4018 491 4070 vol.
505 4019 525 4079 l,
542 4033 569 4084 p.
582 4019 662 4071 lxvm.

284 4107 463 4172 ³lleywood’s
480 4107 549 4158 lines
568 4121 615 4159 313
632 4108 679 4159 the
696 4106 844 4170 following,
863 4105 954 4170 inquit
972 4106 1081 4170 Paynus
1100 4102 1230 4157 collierus
1246 4099 1324 4167 (llist.
1338 4101 1369 4152 31
1387 4101 1470 4166 Engl.

253 4189 335 4238 Drom
350 4188 455 4251 Poetry,
470 4187 523 4238 vol.
539 4189 569 4246 ll.
583 4202 609 4253 p.
629 4187 675 4238 493
690 4188 745 4239 vid.
763 4187 866 4251 notam)
877 4203 885 4248 3
898 4186 953 4237 and
964 4186 1038 4236 their
1056 4183 1186 4247 meaning
1193 4195 1287 4260 ‘seems
1304 4180 1381 4244 quite
1395 4181 1473 4246 plain

253 4267 307 4317 and
328 4267 502 4332 intelligible,
519 4267 647 4332 although
668 4267 715 4318 the
730 4267 818 4318 editor
837 4267 866 4318 31
886 4267 930 4318 the
951 4269 1045 4317 recent
1065 4264 1171 4329 reprint
1188 4263 1217 4313 31
1233 4261 1367 4312 Marlow’s
1379 4263 1474 4314 works

252 4347 306 4406 (vol
322 4347 341 4409 i,
355 4362 382 4413 p.
395 4348 444 4413 20),
459 4349 496 4413 by
509 4348 658 4414 misplaced
671 4347 814 4412 ingenuity
826 4347 876 4399 has
891 4345 1081 4398 endeavoured
1095 4348 1123 4395 to
1134 4343 1196 4408 give
1209 4342 1256 4394 the
1266 4341 1354 4394 words
1365 4355 1383 4395 3
1396 4342 1474 4394 dille·

254 4431 315 4478 rent
327 4429 523 4480 construction.

379 4559 389 4587 ι
404 4541 476 4595 Whe
488 4542 568 4592 know
580 4544 629 4592 not
640 4541 700 4592 kow
714 4553 764 4591 our
776 4541 839 4605 play
852 4552 916 4604 may
930 4551 993 4605 pass
1007 4537 1063 4589 this
1075 4539 1161 4601 stage,

377 4623 427 4672 But
439 4623 476 4686 hy
489 4623 537 4674 the
551 4623 610 4674 best
624 4621 654 4673 31
663 4625 739 4688 poets
752 4620 854 4686 (llarlo)
866 4620 894 4670 in
907 4620 968 4670 that
981 4631 1041 4683 age,

376 4701 432 4752 The
445 4702 527 4753 1113113
540 4703 595 4754 Jeu
608 4703 662 4755 had
676 4702 757 4765 being
769 4701 823 4752 and
838 4714 890 4752 uas
902 4700 1000 4762 made3

375 4781 435 4842 And
445 4782 479 4841 he
490 4782 557 4835 then
568 4784 605 4857 by
618 4783 666 4836 the
679 4783 739 4836 hest
752 4781 781 4834 ol
791 4785 882 4836 actors
894 4781 982 4847 (Allin)
995 4779 1094 4849 play’d.
1120 4819 1127 4829 ,
