3120 5474
585 491 798 555 ¹—83-

99 668 217 735 nnete
240 671 255 733 l
280 689 335 732 am
358 667 492 750 English
514 667 630 740 borne,
654 665 717 729 and
740 668 753 726 l
778 663 858 726 have
881 662 1015 744 English
1037 660 1203 744 thoughts,
1230 669 1324 725 note

100 768 207 833 devill
228 768 396 834 incarnato
421 767 558 832 because
581 768 594 826 l
619 785 672 827 am
696 763 879 839 ltalianate,
902 762 957 826 but
977 760 1087 843 hating
1110 760 1163 823 the
1185 759 1274 842 pride
1293 759 1327 824 01

103 867 215 941 ltalia,
231 866 370 931 because
387 867 402 929 1
420 863 529 928 hnowe
543 862 624 926 their
636 859 824 944 peevishnes
840 881 848 922 ε
864 867 915 940 yet
925 861 960 922 in
974 862 1016 923 all
1027 858 1119 924 these
1130 859 1326 939 Countreyse

101 963 215 1031 where
234 967 249 1029 I
268 963 351 1031 have
375 961 539 1043 travelled,
558 964 570 1023 l
589 961 671 1025 heve
690 968 744 1023 not
768 977 863 1022 00000
886 978 975 1021 mere
998 977 1131 1023 arcesse
1152 957 1187 1022 oi
1206 958 1326 1022 unitis

103 1061 191 1131 then
212 1078 280 1129 wee
304 1061 457 1145 Englishe
482 1080 556 1124 men
580 1059 718 1142 prectise
740 1055 874 1139 through
897 1058 973 1120 vein
996 1058 1095 1138 glory.
1120 1080 1137 1113 ι
1153 1056 1214 1121 Ed.
1235 1055 1326 1121 lttl.

105 1161 206 1244 Sign.
220 1163 252 1225 Α
268 1159 300 1226 i.

157 1309 248 1376 Aliis
258 1309 425 1394 partibus,
443 1306 550 1373 libelli
567 1306 694 1392 quibus
712 1331 727 1365 a
744 1304 944 1390 penitential
959 1303 1071 1389 picces
1089 1329 1104 1364 »
1121 1322 1324 1392 cognomen,

106 1416 233 1483 eodem
253 1415 356 1482 modo
370 1413 582 1481 dissentiunt
600 1431 618 1478 a
635 1412 761 1479 libellis
779 1411 839 1496 qui
855 1412 892 1478 in
907 1413 1078 1479 Greenum
1093 1430 1112 1477 e
1127 1412 1196 1479 vita
1211 1429 1326 1479 exces-

108 1540 194 1593 sum
204 1521 321 1589 collati
330 1519 482 1597 fuerunt,
492 1523 525 1586 et
536 1520 564 1586 si
577 1521 710 1605 priores
718 1519 965 1604 posterioribus
975 1517 1326 1604 opposueris,clarum

108 1626 173 1692 fiet
187 1624 396 1712 posteriores
410 1641 479 1691 non
499 1623 574 1709 ejus
593 1641 679 1709 opus
699 1642 786 1690 esse.
802 1623 961 1690 Vidimus
980 1626 1142 1692 ceterum
1157 1624 1330 1710 quomodo

112 1732 210 1818 prior
222 1730 347 1798 Greeni
363 1729 534 1798 000100οἰ0
547 1730 708 1797 inimicos
727 1749 809 1797 suos
822 1730 1017 1797 incitaverit
1038 1732 1079 1797 ad
1103 1730 1328 1817 posteriorem

112 1837 329 1926 fingendam,
346 1840 444 1923 poeta
458 1838 553 1903 enirn
570 1837 606 1903 in
623 1837 721 1903 bonis
737 1836 894 1904 consiliis
908 1855 977 1904 000
993 1835 1127 1904 fortiter
1142 1841 1282 1906 steterat
1296 1841 1330 1906 et

113 1945 154 2013 in
176 1947 317 2013 assueta
339 1944 553 2030 pristinaque
577 1943 661 2012 vitia
685 1943 779 2010 breui
795 1943 996 2011 revolverat.
1018 1943 1083 2012 Sed
1098 1944 1284 2012 manifesto
1304 1942 1330 2012 11

114 2051 176 2138 qui
208 2051 346 2119 libellos
377 2051 485 2118 falsos.
511 2050 726 2137 scripserunt
758 2068 874 2118 errore
905 2050 1053 2118 lanatico
1086 2055 1119 2118 et
1150 2052 1331 2120 iracundia

113 2158 401 2228 incendebantur.
416 2158 641 2226 Transierunt
664 2157 769 2225 finem
793 2162 826 2224 et
849 2157 1006 2238 modum,
1026 2161 1060 2224 et
1080 2159 1230 2244 speciem
1250 2176 1331 2228 cum

113 2285 195 2335 vero
220 2283 292 2334 000
310 2265 572 2335 convenientem
588 2265 765 2335 induendo
782 2264 898 2345 rebus,
917 2263 1076 2333 fraudem
1090 2265 1157 2352 ipsi
1176 2265 1332 2335 lecerunt

114 2378 286 2463 00001001.

160 2482 331 2557 tircanus.
341 2478 417 2553 nne
430 2480 549 2560 dubio,
560 2479 682 2550 mobili
696 2478 837 2565 ingenio
851 2484 935 2561 erat,
950 2483 985 2546 et
998 2484 1122 2551 001000
1131 2481 1331 2549 vehemens.

118 2585 427 2659 uniunthussuis
449 2586 631 2665 ohnoxiae,
656 2604 749 2671 saepe
770 2586 1009 2654 adolescentiae
1031 2588 1157 2654 erratis
1172 2587 1330 2654 indulsit.

118 2694 377 2765 mvneeundns
395 2696 510 2759 autern
534 2696 571 2758 01
590 2697 776 2778 protervus
788 2711 858 2760 uon
876 2697 962 2760 erat.
979 2695 1090 2760 (tertis
1110 2693 1185 2780 ejus
1205 2693 1337 2761 libellis
1434 2724 1437 2730 ·

118 2818 175 2868 res
193 2801 231 2868 in
245 2801 362 2868 lucem
377 2799 560 2885 protertur.
578 2800 741 2866 Modestia
757 2804 791 2865 et
805 2800 906 2866 modo
926 2801 1097 2867 sermonis
1111 2801 1214 2869 latius
1228 2801 1331 2868 etiam

119 2907 282 2992 opinione
303 2905 456 2993 insignis
479 2910 541 2986 est,
565 2910 601 2973 et
618 2906 815 2973 Alexander
834 2906 976 2992 llyciuS,
1002 2908 1038 2972 in
1062 2908 1225 2993 proaemio
1242 2903 1336 2994 quod

119 3013 158 3082 in
185 3012 298 3080 fronte
325 3030 468 3098 operum
495 3011 570 3098 ejus
597 3013 805 3098 praeposuit,
835 3012 1052 3083 confirmavit
1074 3033 1156 3081 eum
1183 3015 1334 3104 effugere

119 3120 254 3188 crimen
277 3118 499 3187 obscenitatis
522 3119 738 3207 argumentis
761 3119 1010 3188 valentissimis
1035 3139 1127 3206 quaa,
1151 3140 1228 3189 meo
1244 3120 1335 3208 judi-

121 3228 187 3306 cio,
209 3225 344 3294 revinci
365 3243 436 3295 000
457 3229 614 3311 possunt.
639 3228 708 3294 Nec
731 3226 859 3293 merito
878 3245 920 3293 ac
936 3226 1015 3312 J'ure
1033 3227 1075 3294 de
1090 3228 1203 3313 lepido
1217 3232 1333 3296 acuto-

123 3352 194 3421 que
203 3332 281 3420 ejus
294 3332 435 3421 iugenio
450 3333 475 3398 11
490 3332 692 3400 existimant
706 3333 768 3418 qui
781 3333 925 3400 credunt
935 3350 1015 3401 eum
1026 3334 1181 3403 consulto
1196 3338 1229 3402 et
1239 3334 1336 3403 nulla

122 3439 332 3509 nmessitate
365 3439 581 3524 obstrictum,
611 3440 749 3528 culpam
781 3439 883 3508 fama
910 3459 985 3511 suae·
1008 3443 1080 3509 tam
1107 3442 1336 3530 perniciosam

122 3545 355 3616 commisisse.
1403 3539 1407 3547 ’

168 3656 340 3722 Meroe
366 3651 467 3740 prior·
490 3653 598 3721 libelli
635 3672 716 3740 pars
743 3673 762 3721 a
790 3655 978 3740 posteriore
1006 3659 1143 3724 tantu-m
1177 3656 1338 3726 dissentit

124 3760 265 3829 dicandi
278 3779 406 3849 genere
419 3761 454 3826 et
473 3760 666 3842 sententiis,
688 3764 726 3829 ut
749 3762 888 3830 credere
910 3781 980 3830 non
999 3764 1129 3849 possim
1154 3767 1342 3850 utramque

126 3868 175 3936 ab
190 3885 264 3936 000
285 3873 318 3935 01
341 3867 462 3934 eodem
488 3868 653 3953 scriptore
677 3868 903 3954 compositam
926 3869 1046 3938 fuisse.
1072 3869 1344 3958 prioremque

125 3975 217 4043 nihil
247 3975 377 4060 praeter
400 3974 582 4041 historiam
609 3975 761 4042 duorum
785 3975 932 4045 fratrum
960 3977 1055 4044 inter
1079 3997 1119 4045 se
1144 3978 1342 4046 simultates

126 4083 330 4151 0000000100
353 4082 614 4168 complectitur,
648 4083 801 4150 Greenus
830 4083 886 4150 vel
913 4083 1151 4170 imperfectam
1176 4085 1338 4170 reliquit,

125 4188 183 4256 uel
199 4188 250 4255 ita
263 4188 434 4255 conclusit
449 4193 488 4256 ut
506 4207 587 4256 cum
605 4207 657 4268 ea,
679 4189 711 4255 si
729 4189 866 4257 libellus
885 4191 1079 4278 legentibus
1097 4196 1217 4279 gratus
1235 4196 1339 4270 esset,

126 4294 496 4365 admonueram
515 4297 749 4363 narrationem
768 4296 1001 4383 conjungendi
1021 4297 1220 4365 facultatem<
1239 4298 1341 4366 babe-

127 4405 193 4469 ret.
209 4400 386 4469 1100110100
404 4406 526 4470 000100
540 4404 576 4468 01
592 4390 683 4468 nihil
698 4401 879 4488 conjunxit
893 4404 961 4470 nisi
979 4409 1148 4490 praecepta
1163 4405 1206 4472 de
1219 4404 1347 4474 officiis

128 4507 261 4594 00111100
278 4507 452 4593 praecipuo
468 4509 612 4577 enititur
631 4513 669 4575 ut
688 4509 881 4576 simultates
898 4529 979 4576 suas
996 4509 1109 4576 satiet.
1126 4511 1343 4596 Propositum

131 4616 249 4680 autem
271 4612 435 4680 incallide
455 4617 489 4681 01
506 4615 635 4682 inculte
657 4615 700 4682 ad
724 4615 882 4682 etiectum
905 4615 1059 4683 adduxit.
1083 4616 1152 4684 Res
1169 4617 1233 4686 tibi
1252 4619 1343 4685 clare

133 4719 323 4806 apparebit,
338 4719 367 4784 ei
382 4719 508 4806 legeris
525 4719 638 4786 locum
653 4738 721 4805 quo
735 4718 851 4787 rerum
868 4723 905 4789 et
917 4719 1101 4791 verberum
1116 4722 1343 4792 commissura

135 4824 222 4895 lacta
237 4830 301 4894 est.
