3120 5474
684 395 861 461 -102-

210 573 377 662 Georgius
401 572 564 650 Warner,
590 569 664 637 sine
687 569 812 648 dubio,
835 566 941 653 judex
965 567 1037 633 3331
1063 563 1208 633 1133333
1231 565 1277 633 31
1301 583 1383 633 333-

167 700 242 750 sam
270 679 541 766 dijudicandam,
572 680 606 744 31
633 676 720 743 mibi
748 678 883 743 tantum
908 691 977 741 non
999 691 1098 741 sumo
1121 674 1161 740 31
1183 672 1315 741 faciam
1344 673 1386 741 de

167 788 336 856 sententia
352 786 428 873 eJus
445 784 725 853 controversiam.
743 783 883 851 Moleste
896 783 1014 850 tamen
1028 780 1185 850 fororem
1199 780 1245 847 ab
1260 799 1300 848 eo
1316 797 1387 848 non

167 894 383 984 argumentis
408 890 627 981 gravioribus
650 890 888 958 confirmatam
916 906 1002 956 esse.
1034 887 1145 975 Hujus
1175 888 1389 974 ampliorem

111 1030 114 1039 ¹
168 1003 311 1070 reddere
324 1001 493 1068 rationem
508 997 695 1067 debuisset.
716 1024 730 1057 «
751 998 820 1065 The
835 997 976 1077 entries‚
993 995 1106 1083 inquit
1120 996 1191 1077 ille,
1208 1015 1270 1064 are
1285 1015 1390 1085 gene·

168 1109 256 1196 rally
275 1108 376 1176 made
395 1108 439 1193 by
455 1108 634 1174 Henslowe
649 1104 792 1173 himself
806 1131 835 1170 ».
862 1106 933 1172 Hoc
946 1104 1165 1183 vocabulum,
1186 1105 1391 1189 generally

168 1216 343 1284 declarare
370 1210 508 1283 videtur
530 1214 767 1292 Henslovium‚
792 1212 952 1298 quamvis
971 1212 1044 1298 ipse
1068 1213 1166 1279 notas
1190 1211 1392 1297 saepissime

168 1322 293 1390 litteris
309 1322 501 1404 mandaret,
519 1321 704 1407 aliquando
720 1323 836 1388 tamen
852 1338 914 1387 suo
930 1318 1161 1407 chirographo
1184 1336 1257 1386 non
1282 1338 1392 1386 usum

167 1429 308 1497 luisse¹.
335 1431 409 1496 Non
428 1446 720 1514 supervacaneum
749 1426 872 1495 luisset
893 1444 1047 1513 quaerere
1075 1429 1194 1492 utrum
1219 1429 1304 1493 3313
1330 1427 1392 1493 1113

169 1556 255 1623 3333
270 1539 371 1615 33331,
389 1553 509 1617 33333,
526 1535 648 1602 scribae
662 1536 734 1621 qui,
747 1553 809 1620 pro
823 1535 1007 1601 Henslovio
1019 1534 1082 1601 hoo
1093 1533 1149 1600 die
1159 1535 1193 1598 31
1207 1532 1299 1600 13313
1309 1533 1393 1600 31113

168 1643 394 1729 temporibus„
411 1643 447 1709 in
467 1642 594 1709 tabulis
610 1642 817 1727 scripsisset.
836 1641 871 1709 Si
886 1660 942 1708 333
957 1641 994 1707 13
1011 1641 1161 1727 priorem
1175 1641 1392 1708 sententiam

169 1764 239 1817 non
258 1750 457 1836 accipienda
471 1753 534 1829 est,
551 1768 620 1817 non
635 1749 678 1816 ab
693 1767 732 1815 33
747 1749 899 1816 alienum
916 1748 1038 1816 1313331
1052 1748 1195 1815 reddere
1214 1749 1392 1816 rationem

170 1877 233 1925 our
262 1856 431 1924 sententia
468 1856 528 1922 illa
560 1857 773 1942 repudietur,
812 1859 846 1924 et
882 1859 962 1923 nota
989 1856 1208 1923 existimetur
1230 1859 1394 1942 tempore

171 1963 434 2049 inferiorquam
449 1981 562 2031 annus
577 1966 615 2030 P.
631 1965 667 2031 C.
684 1966 724 2031 N.
741 1964 950 2031 millesimus
965 1961 1268 2051 quingentesimus
1280 1981 1392 2031 nona-

172 2072 328 2160 gesimus
345 2070 517 2157 septimus
535 2069 561 2158 (l
570 2070 646 2159 597)
668 2074 702 2137 31
721 2070 818 2138 13133.
836 2070 936 2138 Ratio
955 2071 1156 2157 deprompta
1171 2088 1212 2136 ex
1230 2088 1272 2136 eo
1297 2072 1394 2154 quod

80 2254 82 2259 ,
172 2179 277 2264 isqui
293 2177 433 2263 scripsit
448 2197 490 2244 ex
504 2178 640 2245 macula
655 2181 847 2246 atramento
861 2176 949 2245 13313
965 2176 1150 2245 utilitatem
1163 2176 1266 2262 cepit,
1278 2196 1394 2264 quum

173 2285 368 2352 litterarum
386 2286 414 2352 11
429 2285 537 2352 113333
552 2285 663 2364 duxit,
678 2303 748 2353 non
763 2288 857 2353 extra
872 2289 1046 2353 certamen
1060 2287 1124 2351 est.
1143 2284 1241 2351 llulti
1258 2303 1298 2352 33
1315 2289 1394 2352 3313

173 2396 320 2459 3133133
345 2394 383 2459 31
402 2393 574 2459 minorem
598 2392 725 2460 1331331
750 2392 895 2460 maculae
919 2393 1068 2477 speciem
1092 2393 1126 2458 et
1146 2391 1275 2459 tabulae
1290 2411 1394 2460 mun-

172 2498 287 2566 diores
318 2503 528 2584 appareant;
559 2498 687 2566 falsum
714 2503 829 2566 tamen
857 2517 925 2565 non
956 2499 1189 2567 committunt.
1218 2499 1392 2566 Idoneum

92 2682 94 2686 Α
172 2622 308 2691 333333
324 2604 445 2672 1313331
459 2608 638 2674 ostendere
652 2625 757 2693 quam
772 2607 900 2674 obartaa
915 2611 1047 2692 partem
1072 2606 1144 2672 baeo
1161 2612 1239 2672 3313
1259 2610 1390 2688 133331,

173 2712 344 2797 quomodo
359 2712 449 2778 13133
463 2713 676 2799 superiorem
690 2717 723 2781 et
737 2714 935 2781 inferiorem
951 2714 1079 2780 inserta
1094 2712 1198 2780 fuerit
1212 2717 1245 2780 et
1260 2715 1393 2800 quibus

173 2818 314 2885 indiciis
329 2837 369 2906 ex
385 2818 510 2886 litteris
524 2820 578 2887 vel
593 2840 634 2887 ex
648 2822 832 2888 atramenti
848 2821 1094 2906 compositione
1110 2821 1237 2900 ductis,
1249 2825 1392 2908 tempus

173 2943 242 3011 quo
267 2925 394 3011 scripta
422 2925 487 2994 fuit
514 2915 652 2994 definiri
676 2927 804 3014 possit,
829 2928 956 2995 tabulae
979 2928 1074 2994 enim
1097 2927 1167 2995 illae
1191 2947 1348 3015 persaepe
1372 2950 1392 2998 3

173 3034 306 3101 Μ31333
320 3034 466 3103 evolutae
480 3033 622 3103 suerunt
632 3039 817 3121 antequam
833 3037 868 3102 in
885 3037 992 3123 Payni
1007 3036 1142 3104 Collieri
1156 3055 1284 3105 manus
1294 3040 1392 3105 veni-

174 3144 272 3221 rent,
298 3145 353 3220 et,
380 3142 494 3209 medio
517 3147 688 3229 tempore,
714 3147 879 3228 utsupra
903 3142 995 3222 dixi,
1017 3142 1214 3229 frequenter
1232 3145 1391 3214 laceratae

174 3247 322 3316 1333331.
340 3249 407 3316 Res
422 3254 474 3317 est
488 3252 606 3318 multae
616 3251 798 3330 333113313,
810 3252 1056 3318 documentum
1070 3251 1190 3339 magni
1206 3254 1388 3334 momenti,

174 3358 208 3422 et
227 3356 269 3423 ad
292 3357 421 3424 nodum
441 3358 693 3443 expediendum
714 3358 888 3425 affirmare
905 3376 974 3426 non
993 3358 1077 3424 satis
1094 3361 1157 3438 331,
1178 3376 1319 3426 3333333
1338 3365 1391 3428 331

174 3462 332 3548 probare.
349 3463 554 3548 Quanquam
568 3465 599 3530 is
614 3465 673 3549 qui
692 3469 796 3552 negat
810 3465 890 3532 fidei
906 3469 957 3532 est
972 3467 1085 3544 bonae,
1102 3464 1256 3550 cujusvis
1272 3470 1391 3535 tamen

174 3568 327 3636 bominis
357 3573 410 3636 est
442 3589 578 3650 errare,
612 3576 646 3637 et
677 3571 785 3639 donec
816 3573 984 3659 Georgius
1014 3574 1162 3639 Warner
1192 3575 1391 3642 accuratius

174 3676 365 3743 reddiderit
386 3677 555 3745 rationem
571 3679 685 3745 33313
704 3698 766 3746 333
787 3679 955 3746 333133113
975 3681 1031 3760 311,
1051 3679 1139 3746 mihi
1154 3697 1222 3746 non
1238 3680 1390 3748 liberum
1436 3727 1438 3731 ι

174 3782 239 3848 3311
250 3783 281 3849 31
296 3781 333 3848 13
348 3785 459 3850 totum
475 3784 648 3851 assentiri.
660 3787 829 3853 Caeterum
844 3786 936 3854 baud
947 3787 1093 3854 dubium
1104 3789 1155 3853 est
1169 3786 1254 3871 quin
1270 3790 1390 3855 notam

173 3907 235 3974 pro
250 3888 374 3957 1313313
393 3889 520 3957 babere
535 3892 652 3959 deceat
667 3892 774 3960 donec
788 3912 844 3960 res
859 3895 1000 3962 omnino
1017 3895 1230 3979 explanetur.

218 3995 382 4078 Quamvis
405 3999 484 4063 nota
500 3997 559 4063 illa
583 3999 704 4086 magni
723 4001 889 4066 momenti
907 4003 941 4067 31
960 4000 1121 4085 ponderis
1143 3999 1276 4080 fuisset,
1297 4004 1391 4088 quod

174 4103 426 4170 dubitationem
445 4103 591 4184 tolleret,
616 4109 769 4172 atamen
795 4126 833 4173 33
852 4126 921 4175 333
946 4127 1030 4193 3333
1050 4112 1102 4175 331
1125 4109 1168 4175 31
1193 4109 1257 4175 huc
1272 4109 1390 4194 palam

175 4208 404 4277 laciendum:
438 4210 592 4278 fabulam
633 4212 690 4279 331
728 4214 951 4282 Tamerlanus
984 4215 1127 4294 titulus,
1167 4233 1186 4280 a
1224 4216 1391 4284 llarlovio

175 4315 340 4401 scriptam
354 4316 474 4385 fuisse.

206 4499 216 4535 ¹
233 4499 299 4549 Rem
312 4499 421 4565 Paynus
435 4499 565 4553 Collierus
579 4501 607 4552 in
622 4502 729 4556 duobus
745 4505 869 4570 proaemii
887 4505 930 4558 sui
950 4506 1016 4559 locis
1034 4505 1163 4557 allirmat.
1181 4505 1391 4560 3111333333-

175 4579 255 4646 cripi,
270 4579 429 4644 1333111113,
449 4595 476 4647 p.
500 4595 562 4641 33,
580 4581 604 4634 13
620 4583 725 4648 mainly
747 4584 776 4635 in
797 4586 844 4637 the
862 4586 1044 4650 handwriting
1062 4587 1091 4637 ol
1112 4586 1258 4648 Hensloue,
1275 4587 1391 4639 assisted

173 4661 237 4712 bere
248 4660 304 4710 aad
314 4659 388 4712 lbere
396 4661 429 4727 dy
442 4676 513 4713 some
524 4663 595 4714 clerlc
608 4678 640 4714 or
653 4665 739 4715 scribe
750 4664 836 4718 whom
847 4665 880 4717 lte
892 4667 1053 4731 employed»
1063 4682 1073 4728 ,·
1085 4671 1112 4717 31
1126 4667 1155 4717 13
1169 4665 1266 4729 331313
1279 4666 1390 4720 decima

174 4741 274 4808 pagina
284 4739 380 4790 addit:
398 4757 411 4790 ι
426 4743 463 4793 113
475 4744 614 4809 generally
628 4744 694 4795 used
711 4745 754 4796 bis
767 4759 828 4796 own
840 4760 903 4812 pen,
916 4747 970 4807 but,
988 4761 1018 4796 as
1032 4745 1149 4797 medeae
1162 4747 1257 4811 stated,
1271 4746 1301 4798 in
1316 4760 1390 4802 some

172 4822 261 4890 ptores
273 4819 402 4875 thedoad
415 4822 474 4891 osc
485 4823 570 4880 scribe
583 4837 615 4880 or
627 4825 699 4881 otest
711 4825 736 4879 is
748 4825 852 4881 3131113.
866 4843 877 4876 ο
