<?xml version="1.0" encoding="UTF-8"?>
<!DOCTYPE html PUBLIC "-//W3C//DTD XHTML 1.0 Transitional//EN"
    "http://www.w3.org/TR/xhtml1/DTD/xhtml1-transitional.dtd">
<html xmlns="http://www.w3.org/1999/xhtml" xml:lang="en" lang="en">
 <head>
  <title>
</title>
<meta http-equiv="Content-Type" content="text/html;charset=utf-8" />
  <meta name='ocr-system' content='tesseract 3.04.00' />
  <meta name='ocr-capabilities' content='ocr_page ocr_carea ocr_par ocr_line ocrx_word'/>
</head>
<body>
  <div class='ocr_page' id='page_1' title='image "./demarlovianisfa00faligoog_0145.png"; bbox 0 0 3120 5474; ppageno 0'>
   <div class='ocr_carea' id='block_1_1' title="bbox 688 366 864 429">
    <p class='ocr_par' dir='ltr' id='par_1_1' title="bbox 688 366 864 429">
     <span class='ocr_line' id='line_1_1' title="bbox 688 366 864 429; baseline 0 0"><span class='ocrx_word' id='word_1_1' title='bbox 688 366 864 429; x_wconf 74' lang='lat'><strong>-134-</strong></span> 
     </span>
    </p>
   </div>
   <div class='ocr_carea' id='block_1_2' title="bbox 173 531 1387 2318">
    <p class='ocr_par' dir='ltr' id='par_1_2' title="bbox 173 531 1364 1481">
     <span class='ocr_line' id='line_1_2' title="bbox 174 531 1340 631; baseline -0.009 -22"><span class='ocrx_word' id='word_1_2' title='bbox 174 542 347 631; x_wconf 88' lang='lat' dir='ltr'>peditibus</span> <span class='ocrx_word' id='word_1_3' title='bbox 362 541 557 609; x_wconf 78' lang='lat' dir='ltr'>comitatur.</span> <span class='ocrx_word' id='word_1_4' title='bbox 573 538 808 618; x_wconf 66' lang='lat' dir='ltr'>Theridamas</span> <span class='ocrx_word' id='word_1_5' title='bbox 828 537 897 603; x_wconf 75' lang='lat' dir='ltr'>(lux</span> <span class='ocrx_word' id='word_1_6' title='bbox 910 536 1066 622; x_wconf 86' lang='lat' dir='ltr'>equilum</span> <span class='ocrx_word' id='word_1_7' title='bbox 1082 538 1115 602; x_wconf 92' lang='lat' dir='ltr'>et</span> <span class='ocrx_word' id='word_1_8' title='bbox 1130 533 1279 620; x_wconf 88' lang='lat' dir='ltr'>praecipui</span> <span class='ocrx_word' id='word_1_9' title='bbox 1289 531 1340 618; x_wconf 78' lang='lat' dir='ltr'>ejus</span> 
     </span>
     <span class='ocr_line' id='line_1_3' title="bbox 174 643 1342 737; baseline -0.008 -21"><span class='ocrx_word' id='word_1_10' title='bbox 174 650 346 737; x_wconf 71' lang='lat' dir='ltr'>praepositi</span> <span class='ocrx_word' id='word_1_11' title='bbox 376 648 653 725; x_wconf 84' lang='lat' dir='ltr'>introducuntur,</span> <span class='ocrx_word' id='word_1_12' title='bbox 684 652 717 712; x_wconf 94' lang='lat' dir='ltr'>et</span> <span class='ocrx_word' id='word_1_13' title='bbox 746 645 969 711; x_wconf 89' lang='lat' dir='ltr'>Tamerlanus</span> <span class='ocrx_word' id='word_1_14' title='bbox 998 660 1055 710; x_wconf 88' lang='lat' dir='ltr'>eos</span> <span class='ocrx_word' id='word_1_15' title='bbox 1082 643 1221 709; x_wconf 90' lang='lat' dir='ltr'>audacia</span> <span class='ocrx_word' id='word_1_16' title='bbox 1242 644 1271 709; x_wconf 92' lang='lat' dir='ltr'>et</span> <span class='ocrx_word' id='word_1_17' title='bbox 1288 658 1342 725; x_wconf 90' lang='lat' dir='ltr'>pro-</span> 
     </span>
     <span class='ocr_line' id='line_1_4' title="bbox 174 749 1345 839; baseline -0.009 -15"><span class='ocrx_word' id='word_1_18' title='bbox 174 756 291 824; x_wconf 87' lang='lat' dir='ltr'>missis</span> <span class='ocrx_word' id='word_1_19' title='bbox 318 756 391 823; x_wconf 91' lang='lat' dir='ltr'>suis</span> <span class='ocrx_word' id='word_1_20' title='bbox 414 754 615 839; x_wconf 82' lang='lat' dir='ltr'><strong>corrumpit.</strong></span> <span class='ocrx_word' id='word_1_21' title='bbox 643 752 826 819; x_wconf 89' lang='lat' dir='ltr'>Pollicetur</span> <span class='ocrx_word' id='word_1_22' title='bbox 853 769 889 817; x_wconf 92' lang='lat' dir='ltr'>se</span> <span class='ocrx_word' id='word_1_23' title='bbox 917 751 960 817; x_wconf 90' lang='lat' dir='ltr'>iis</span> <span class='ocrx_word' id='word_1_24' title='bbox 988 750 1047 836; x_wconf 92' lang='lat' dir='ltr'>qui</span> <span class='ocrx_word' id='word_1_25' title='bbox 1079 749 1246 816; x_wconf 87' lang='lat' dir='ltr'>fortunam</span> <span class='ocrx_word' id='word_1_26' title='bbox 1274 765 1345 814; x_wconf 87' lang='lat' dir='ltr'>suan</span> 
     </span>
     <span class='ocr_line' id='line_1_5' title="bbox 175 855 1346 949; baseline -0.011 -19"><span class='ocrx_word' id='word_1_27' title='bbox 175 866 361 949; x_wconf 89' lang='lat' dir='ltr'>sequentur</span> <span class='ocrx_word' id='word_1_28' title='bbox 376 879 480 948; x_wconf 86' lang='lat' dir='ltr'>regna</span> <span class='ocrx_word' id='word_1_29' title='bbox 495 861 583 928; x_wconf 92' lang='lat' dir='ltr'>dono</span> <span class='ocrx_word' id='word_1_30' title='bbox 598 859 760 926; x_wconf 90' lang='lat' dir='ltr'>daturum</span> <span class='ocrx_word' id='word_1_31' title='bbox 776 876 863 936; x_wconf 91' lang='lat' dir='ltr'>esse,</span> <span class='ocrx_word' id='word_1_32' title='bbox 879 861 917 924; x_wconf 90' lang='lat' dir='ltr'>ut</span> <span class='ocrx_word' id='word_1_33' title='bbox 931 877 949 924; x_wconf 91' lang='lat' dir='ltr'>a</span> <span class='ocrx_word' id='word_1_34' title='bbox 964 876 1045 944; x_wconf 84' lang='lat' dir='ltr'>rege</span> <span class='ocrx_word' id='word_1_35' title='bbox 1059 857 1194 924; x_wconf 88' lang='lat' dir='ltr'>Persico</span> <span class='ocrx_word' id='word_1_36' title='bbox 1208 855 1346 923; x_wconf 88' lang='lat' dir='ltr'>deficiant.</span> 
     </span>
     <span class='ocr_line' id='line_1_6' title="bbox 174 944 1352 1056; baseline -0.011 -18"><span class='ocrx_word' id='word_1_37' title='bbox 174 971 364 1056; x_wconf 89' lang='lat' dir='ltr'>Optimates</span> <span class='ocrx_word' id='word_1_38' title='bbox 388 968 447 1053; x_wconf 88' lang='lat' dir='ltr'>qui</span> <span class='ocrx_word' id='word_1_39' title='bbox 475 969 694 1034; x_wconf 91' lang='lat' dir='ltr'>Zenocratem</span> <span class='ocrx_word' id='word_1_40' title='bbox 723 944 931 1033; x_wconf 83' lang='lat' dir='ltr'>comitantur</span> <span class='ocrx_word' id='word_1_41' title='bbox 957 966 1141 1032; x_wconf 82' lang='lat' dir='ltr'>Persarum</span> <span class='ocrx_word' id='word_1_42' title='bbox 1167 963 1309 1048; x_wconf 86' lang='lat' dir='ltr'>exemplo</span> <span class='ocrx_word' id='word_1_43' title='bbox 1326 961 1352 1026; x_wconf 92' lang='lat' dir='ltr'>in</span> 
     </span>
     <span class='ocr_line' id='line_1_7' title="bbox 173 1072 1355 1160; baseline -0.009 -14"><span class='ocrx_word' id='word_1_44' title='bbox 173 1075 367 1146; x_wconf 86' lang='lat' dir='ltr'>Tamerlani</span> <span class='ocrx_word' id='word_1_45' title='bbox 383 1077 497 1160; x_wconf 87' lang='lat' dir='ltr'>partes</span> <span class='ocrx_word' id='word_1_46' title='bbox 511 1075 696 1141; x_wconf 90' lang='lat' dir='ltr'>trahuntur</span> <span class='ocrx_word' id='word_1_47' title='bbox 711 1074 790 1160; x_wconf 88' lang='lat' dir='ltr'>ipsi,</span> <span class='ocrx_word' id='word_1_48' title='bbox 808 1078 842 1140; x_wconf 90' lang='lat' dir='ltr'>et</span> <span class='ocrx_word' id='word_1_49' title='bbox 855 1075 1037 1160; x_wconf 77' lang='lat' dir='ltr'>postquam</span> <span class='ocrx_word' id='word_1_50' title='bbox 1051 1072 1271 1139; x_wconf 87' lang='lat' dir='ltr'>Tamerlanus</span> <span class='ocrx_word' id='word_1_51' title='bbox 1284 1087 1355 1136; x_wconf 88' lang='lat' dir='ltr'>ama·</span> 
     </span>
     <span class='ocr_line' id='line_1_8' title="bbox 175 1179 1359 1267; baseline -0.008 -16"><span class='ocrx_word' id='word_1_52' title='bbox 175 1185 262 1252; x_wconf 93' lang='lat' dir='ltr'>torie</span> <span class='ocrx_word' id='word_1_53' title='bbox 280 1183 323 1251; x_wconf 91' lang='lat' dir='ltr'>de</span> <span class='ocrx_word' id='word_1_54' title='bbox 343 1184 524 1249; x_wconf 80' lang='lat' dir='ltr'>zenocrate</span> <span class='ocrx_word' id='word_1_55' title='bbox 539 1181 699 1266; x_wconf 83' lang='lat' dir='ltr'>quaesivit</span> <span class='ocrx_word' id='word_1_56' title='bbox 713 1199 826 1248; x_wconf 93' lang='lat' dir='ltr'>nonne</span> <span class='ocrx_word' id='word_1_57' title='bbox 843 1181 1039 1267; x_wconf 86' lang='lat' dir='ltr'>exemplum</span> <span class='ocrx_word' id='word_1_58' title='bbox 1059 1179 1224 1248; x_wconf 90' lang='lat' dir='ltr'>comitum</span> <span class='ocrx_word' id='word_1_59' title='bbox 1240 1195 1359 1245; x_wconf 91' lang='lat' dir='ltr'>suorum</span> 
     </span>
     <span class='ocr_line' id='line_1_9' title="bbox 175 1283 1364 1377; baseline -0.006 -18"><span class='ocrx_word' id='word_1_60' title='bbox 175 1293 334 1359; x_wconf 89' lang='lat' dir='ltr'>secutura</span> <span class='ocrx_word' id='word_1_61' title='bbox 351 1289 408 1369; x_wconf 91' lang='lat' dir='ltr'>sit,</span> <span class='ocrx_word' id='word_1_62' title='bbox 424 1290 523 1377; x_wconf 89' lang='lat' dir='ltr'>virgo</span> <span class='ocrx_word' id='word_1_63' title='bbox 538 1289 646 1377; x_wconf 84' lang='lat' dir='ltr'>regia,</span> <span class='ocrx_word' id='word_1_64' title='bbox 663 1289 735 1356; x_wconf 92' lang='lat' dir='ltr'>sola</span> <span class='ocrx_word' id='word_1_65' title='bbox 750 1289 881 1370; x_wconf 89' lang='lat' dir='ltr'>relicta,</span> <span class='ocrx_word' id='word_1_66' title='bbox 900 1287 1063 1374; x_wconf 90' lang='lat' dir='ltr'>injuriam</span> <span class='ocrx_word' id='word_1_67' title='bbox 1077 1287 1257 1372; x_wconf 89' lang='lat' dir='ltr'>quaeritur,</span> <span class='ocrx_word' id='word_1_68' title='bbox 1268 1283 1364 1352; x_wconf 88' lang='lat' dir='ltr'>verbis</span> 
     </span>
     <span class='ocr_line' id='line_1_10' title="bbox 175 1393 1231 1481; baseline -0.007 -15"><span class='ocrx_word' id='word_1_69' title='bbox 175 1401 290 1466; x_wconf 92' lang='lat' dir='ltr'>autem</span> <span class='ocrx_word' id='word_1_70' title='bbox 304 1398 435 1465; x_wconf 95' lang='lat' dir='ltr'>luctum</span> <span class='ocrx_word' id='word_1_71' title='bbox 453 1415 556 1463; x_wconf 91' lang='lat' dir='ltr'>suum</span> <span class='ocrx_word' id='word_1_72' title='bbox 570 1396 666 1463; x_wconf 93' lang='lat' dir='ltr'>brevi</span> <span class='ocrx_word' id='word_1_73' title='bbox 682 1396 833 1462; x_wconf 91' lang='lat' dir='ltr'>levatum</span> <span class='ocrx_word' id='word_1_74' title='bbox 848 1395 891 1462; x_wconf 88' lang='lat' dir='ltr'>iri</span> <span class='ocrx_word' id='word_1_75' title='bbox 907 1393 1231 1481; x_wconf 76' lang='lat' dir='ltr'>praenuntiantibus.</span> 
     </span>
    </p>

    <p class='ocr_par' dir='ltr' id='par_1_3' title="bbox 175 1500 1387 2318">
     <span class='ocr_line' id='line_1_11' title="bbox 218 1500 1371 1591; baseline -0.004 -19"><span class='ocrx_word' id='word_1_76' title='bbox 218 1504 374 1572; x_wconf 90' lang='lat' dir='ltr'>Secundo</span> <span class='ocrx_word' id='word_1_77' title='bbox 388 1507 478 1585; x_wconf 88' lang='lat' dir='ltr'>actu,</span> <span class='ocrx_word' id='word_1_78' title='bbox 494 1505 635 1571; x_wconf 77' lang='lat' dir='ltr'>cosroes</span> <span class='ocrx_word' id='word_1_79' title='bbox 653 1503 712 1588; x_wconf 91' lang='lat' dir='ltr'>qui</span> <span class='ocrx_word' id='word_1_80' title='bbox 728 1500 845 1570; x_wconf 82' lang='lat' dir='ltr'>fratris</span> <span class='ocrx_word' id='word_1_81' title='bbox 861 1503 913 1570; x_wconf 92' lang='lat' dir='ltr'>sui</span> <span class='ocrx_word' id='word_1_82' title='bbox 930 1503 1070 1591; x_wconf 87' lang='lat' dir='ltr'>Mycetis</span> <span class='ocrx_word' id='word_1_83' title='bbox 1084 1501 1272 1588; x_wconf 92' lang='lat' dir='ltr'>imperium</span> <span class='ocrx_word' id='word_1_84' title='bbox 1286 1518 1371 1567; x_wconf 89' lang='lat' dir='ltr'>recu·</span> 
     </span>
     <span class='ocr_line' id='line_1_12' title="bbox 176 1607 1377 1697; baseline -0.005 -17"><span class='ocrx_word' id='word_1_85' title='bbox 176 1613 264 1680; x_wconf 91' lang='lat' dir='ltr'>savit</span> <span class='ocrx_word' id='word_1_86' title='bbox 291 1615 324 1678; x_wconf 90' lang='lat' dir='ltr'>et</span> <span class='ocrx_word' id='word_1_87' title='bbox 349 1629 409 1677; x_wconf 85' lang='lat' dir='ltr'>rex</span> <span class='ocrx_word' id='word_1_88' title='bbox 433 1610 601 1677; x_wconf 90' lang='lat' dir='ltr'>salutatus</span> <span class='ocrx_word' id='word_1_89' title='bbox 626 1608 711 1689; x_wconf 86' lang='lat' dir='ltr'>fuit,</span> <span class='ocrx_word' id='word_1_90' title='bbox 744 1609 936 1677; x_wconf 88' lang='lat' dir='ltr'>Tamerlani</span> <span class='ocrx_word' id='word_1_91' title='bbox 968 1609 1137 1678; x_wconf 85' lang='lat' dir='ltr'>auxilium</span> <span class='ocrx_word' id='word_1_92' title='bbox 1163 1607 1328 1697; x_wconf 82' lang='lat' dir='ltr'>efflagitat</span> <span class='ocrx_word' id='word_1_93' title='bbox 1347 1610 1377 1674; x_wconf 89' lang='lat' dir='ltr'>et</span> 
     </span>
     <span class='ocr_line' id='line_1_13' title="bbox 175 1715 1379 1806; baseline -0.006 -19"><span class='ocrx_word' id='word_1_94' title='bbox 175 1719 316 1787; x_wconf 88' lang='lat' dir='ltr'>obtinet.</span> <span class='ocrx_word' id='word_1_95' title='bbox 334 1718 384 1784; x_wconf 84' lang='lat' dir='ltr'>Eo</span> <span class='ocrx_word' id='word_1_96' title='bbox 398 1716 593 1802; x_wconf 85' lang='lat' dir='ltr'>adjuvante,</span> <span class='ocrx_word' id='word_1_97' title='bbox 611 1715 751 1802; x_wconf 87' lang='lat' dir='ltr'>Mycetis</span> <span class='ocrx_word' id='word_1_98' title='bbox 769 1717 878 1784; x_wconf 83' lang='lat' dir='ltr'>aciem</span> <span class='ocrx_word' id='word_1_99' title='bbox 898 1717 934 1784; x_wconf 93' lang='lat' dir='ltr'>in</span> <span class='ocrx_word' id='word_1_100' title='bbox 952 1716 1071 1806; x_wconf 85' lang='lat' dir='ltr'>sugam</span> <span class='ocrx_word' id='word_1_101' title='bbox 1087 1716 1204 1785; x_wconf 90' lang='lat' dir='ltr'>vertit.</span> <span class='ocrx_word' id='word_1_102' title='bbox 1220 1715 1379 1801; x_wconf 87' lang='lat' dir='ltr'>Superbia</span> 
     </span>
     <span class='ocr_line' id='line_1_14' title="bbox 176 1821 1382 1911; baseline -0.003 -17"><span class='ocrx_word' id='word_1_103' title='bbox 176 1831 259 1894; x_wconf 93' lang='lat' dir='ltr'>tunc</span> <span class='ocrx_word' id='word_1_104' title='bbox 283 1825 529 1902; x_wconf 78' lang='lat' dir='ltr'>intumescens,</span> <span class='ocrx_word' id='word_1_105' title='bbox 550 1840 667 1890; x_wconf 91' lang='lat' dir='ltr'>coram</span> <span class='ocrx_word' id='word_1_106' title='bbox 689 1821 860 1908; x_wconf 88' lang='lat' dir='ltr'>praesectis</span> <span class='ocrx_word' id='word_1_107' title='bbox 875 1824 948 1892; x_wconf 91' lang='lat' dir='ltr'>suis</span> <span class='ocrx_word' id='word_1_108' title='bbox 967 1824 1152 1911; x_wconf 93' lang='lat' dir='ltr'>pollentem</span> <span class='ocrx_word' id='word_1_109' title='bbox 1173 1824 1305 1892; x_wconf 89' lang='lat' dir='ltr'>socium</span> <span class='ocrx_word' id='word_1_110' title='bbox 1327 1823 1382 1890; x_wconf 89' lang='lat' dir='ltr'>de·</span> 
     </span>
     <span class='ocr_line' id='line_1_15' title="bbox 175 1929 1384 2019; baseline -0.002 -19"><span class='ocrx_word' id='word_1_111' title='bbox 175 1934 284 2001; x_wconf 90' lang='lat' dir='ltr'>clarat</span> <span class='ocrx_word' id='word_1_112' title='bbox 306 1929 406 2019; x_wconf 86' lang='lat' dir='ltr'>regni</span> <span class='ocrx_word' id='word_1_113' title='bbox 431 1932 686 2016; x_wconf 91' lang='lat' dir='ltr'>procuratorem</span> <span class='ocrx_word' id='word_1_114' title='bbox 705 1932 739 1997; x_wconf 92' lang='lat' dir='ltr'>et</span> <span class='ocrx_word' id='word_1_115' title='bbox 760 1931 895 1999; x_wconf 90' lang='lat' dir='ltr'>militiae</span> <span class='ocrx_word' id='word_1_116' title='bbox 917 1931 1137 2019; x_wconf 86' lang='lat' dir='ltr'>magistrum.</span> <span class='ocrx_word' id='word_1_117' title='bbox 1161 1932 1384 1999; x_wconf 81' lang='lat' dir='ltr'>Tamerlanus</span> 
     </span>
     <span class='ocr_line' id='line_1_16' title="bbox 177 2036 1386 2107; baseline -0.002 0"><span class='ocrx_word' id='word_1_118' title='bbox 177 2057 257 2107; x_wconf 91' lang='lat' dir='ltr'>suos</span> <span class='ocrx_word' id='word_1_119' title='bbox 281 2056 403 2105; x_wconf 87' lang='lat' dir='ltr'>sensus</span> <span class='ocrx_word' id='word_1_120' title='bbox 432 2036 539 2104; x_wconf 90' lang='lat' dir='ltr'>abdit.</span> <span class='ocrx_word' id='word_1_121' title='bbox 568 2037 710 2105; x_wconf 89' lang='lat' dir='ltr'>Silentio</span> <span class='ocrx_word' id='word_1_122' title='bbox 738 2037 842 2105; x_wconf 93' lang='lat' dir='ltr'>etiam</span> <span class='ocrx_word' id='word_1_123' title='bbox 869 2039 1037 2106; x_wconf 85' lang='lat' dir='ltr'>Cosroetis</span> <span class='ocrx_word' id='word_1_124' title='bbox 1065 2039 1233 2107; x_wconf 89' lang='lat' dir='ltr'>voluntati</span> <span class='ocrx_word' id='word_1_125' title='bbox 1258 2039 1386 2105; x_wconf 89' lang='lat' dir='ltr'>obtem-</span> 
     </span>
     <span class='ocr_line' id='line_1_17' title="bbox 175 2142 1387 2232; baseline 0 -21"><span class='ocrx_word' id='word_1_126' title='bbox 175 2162 295 2231; x_wconf 91' lang='lat' dir='ltr'>perare</span> <span class='ocrx_word' id='word_1_127' title='bbox 309 2142 458 2211; x_wconf 88' lang='lat' dir='ltr'>videtur.</span> <span class='ocrx_word' id='word_1_128' title='bbox 472 2143 585 2223; x_wconf 87' lang='lat' dir='ltr'>Quum</span> <span class='ocrx_word' id='word_1_129' title='bbox 600 2145 715 2211; x_wconf 90' lang='lat' dir='ltr'>autem</span> <span class='ocrx_word' id='word_1_130' title='bbox 731 2162 791 2210; x_wconf 83' lang='lat' dir='ltr'>rex</span> <span class='ocrx_word' id='word_1_131' title='bbox 805 2144 901 2226; x_wconf 90' lang='lat' dir='ltr'>abiit,</span> <span class='ocrx_word' id='word_1_132' title='bbox 923 2144 1124 2232; x_wconf 87' lang='lat' dir='ltr'>praepositos</span> <span class='ocrx_word' id='word_1_133' title='bbox 1141 2163 1221 2214; x_wconf 92' lang='lat' dir='ltr'>suos</span> <span class='ocrx_word' id='word_1_134' title='bbox 1236 2145 1387 2230; x_wconf 90' lang='lat' dir='ltr'>compel-</span> 
     </span>
     <span class='ocr_line' id='line_1_18' title="bbox 177 2252 279 2318; baseline -0.02 0"><span class='ocrx_word' id='word_1_135' title='bbox 177 2252 253 2318; x_wconf 89' lang='lat' dir='ltr'>lans</span> <span class='ocrx_word' id='word_1_136' title='bbox 270 2271 279 2316; x_wconf 74' lang='grc' dir='ltr'>ε</span> 
     </span>
    </p>
   </div>
   <div class='ocr_carea' id='block_1_3' title="bbox 255 2415 1185 3782">
    <p class='ocr_par' dir='ltr' id='par_1_4' title="bbox 257 2415 1069 2596">
     <span class='ocr_line' id='line_1_19' title="bbox 257 2415 1069 2501; baseline 0.001 -22"><span class='ocrx_word' id='word_1_137' title='bbox 257 2420 290 2479; x_wconf 89' lang='lat' dir='ltr'>ls</span> <span class='ocrx_word' id='word_1_138' title='bbox 304 2417 329 2481; x_wconf 87' lang='lat' dir='ltr'>it</span> <span class='ocrx_word' id='word_1_139' title='bbox 342 2424 398 2479; x_wconf 91' lang='lat' dir='ltr'>not</span> <span class='ocrx_word' id='word_1_140' title='bbox 411 2415 507 2477; x_wconf 81' lang='lat' dir='ltr'>bravo</span> <span class='ocrx_word' id='word_1_141' title='bbox 522 2422 554 2479; x_wconf 89' lang='lat' dir='ltr'>to</span> <span class='ocrx_word' id='word_1_142' title='bbox 569 2416 606 2478; x_wconf 90' lang='lat' dir='ltr'>be</span> <span class='ocrx_word' id='word_1_143' title='bbox 621 2435 640 2478; x_wconf 86' lang='lat' dir='ltr'>a</span> <span class='ocrx_word' id='word_1_144' title='bbox 655 2417 740 2497; x_wconf 83' lang='lat' dir='ltr'>king,</span> <span class='ocrx_word' id='word_1_145' title='bbox 756 2419 943 2481; x_wconf 81' lang='lat' dir='ltr'>Techellesl</span> <span class='ocrx_word' id='word_1_146' title='bbox 956 2418 1069 2501; x_wconf 90' lang='lat' dir='ltr'>inquit,</span> 
     </span>
     <span class='ocr_line' id='line_1_20' title="bbox 257 2515 792 2596; baseline 0.004 -19"><span class='ocrx_word' id='word_1_147' title='bbox 257 2517 480 2577; x_wconf 90' lang='lat' dir='ltr'>Usumcasaue</span> <span class='ocrx_word' id='word_1_148' title='bbox 495 2515 557 2576; x_wconf 88' lang='lat' dir='ltr'>and</span> <span class='ocrx_word' id='word_1_149' title='bbox 572 2515 792 2596; x_wconf 86' lang='lat' dir='ltr'>Theridamas,</span> 
     </span>
    </p>

    <p class='ocr_par' dir='ltr' id='par_1_5' title="bbox 258 2612 882 2694">
     <span class='ocr_line' id='line_1_21' title="bbox 258 2612 882 2694; baseline 0.005 -20"><span class='ocrx_word' id='word_1_150' title='bbox 258 2615 291 2676; x_wconf 90' lang='lat' dir='ltr'>ls</span> <span class='ocrx_word' id='word_1_151' title='bbox 305 2613 330 2674; x_wconf 94' lang='lat' dir='ltr'>it</span> <span class='ocrx_word' id='word_1_152' title='bbox 343 2619 399 2674; x_wconf 91' lang='lat' dir='ltr'>not</span> <span class='ocrx_word' id='word_1_153' title='bbox 413 2612 541 2693; x_wconf 82' lang='lat' dir='ltr'>passing</span> <span class='ocrx_word' id='word_1_154' title='bbox 552 2613 648 2676; x_wconf 87' lang='lat' dir='ltr'>brave</span> <span class='ocrx_word' id='word_1_155' title='bbox 663 2622 695 2676; x_wconf 93' lang='lat' dir='ltr'>to</span> <span class='ocrx_word' id='word_1_156' title='bbox 709 2614 747 2677; x_wconf 93' lang='lat' dir='ltr'>be</span> <span class='ocrx_word' id='word_1_157' title='bbox 762 2635 781 2678; x_wconf 87' lang='lat' dir='ltr'>a</span> <span class='ocrx_word' id='word_1_158' title='bbox 796 2615 882 2694; x_wconf 83' lang='lat' dir='ltr'>king,</span> 
     </span>
    </p>

    <p class='ocr_par' dir='ltr' id='par_1_6' title="bbox 256 2710 974 2796">
     <span class='ocr_line' id='line_1_22' title="bbox 256 2710 974 2796; baseline 0.004 -22"><span class='ocrx_word' id='word_1_159' title='bbox 256 2710 330 2774; x_wconf 81' lang='lat' dir='ltr'>And</span> <span class='ocrx_word' id='word_1_160' title='bbox 346 2710 413 2772; x_wconf 89' lang='lat' dir='ltr'>ride</span> <span class='ocrx_word' id='word_1_161' title='bbox 427 2711 461 2772; x_wconf 92' lang='lat' dir='ltr'>in</span> <span class='ocrx_word' id='word_1_162' title='bbox 471 2710 617 2796; x_wconf 87' lang='lat' dir='ltr'>triumph</span> <span class='ocrx_word' id='word_1_163' title='bbox 627 2714 763 2792; x_wconf 87' lang='lat' dir='ltr'>through</span> <span class='ocrx_word' id='word_1_164' title='bbox 773 2714 974 2796; x_wconf 74' lang='lat' dir='ltr'>Persepolis?</span> 
     </span>
    </p>

    <p class='ocr_par' dir='ltr' id='par_1_7' title="bbox 262 2808 1075 2990">
     <span class='ocr_line' id='line_1_23' title="bbox 262 2808 1075 2896; baseline 0.004 -25"><span class='ocrx_word' id='word_1_165' title='bbox 262 2809 358 2871; x_wconf 83' lang='lat' dir='ltr'>Tech.</span> <span class='ocrx_word' id='word_1_166' title='bbox 377 2809 415 2882; x_wconf 91' lang='grc' dir='ltr'>Ο,</span> <span class='ocrx_word' id='word_1_167' title='bbox 433 2829 487 2888; x_wconf 90' lang='lat' dir='ltr'>my</span> <span class='ocrx_word' id='word_1_168' title='bbox 502 2808 581 2882; x_wconf 90' lang='lat' dir='ltr'>iord,</span> <span class='ocrx_word' id='word_1_169' title='bbox 599 2809 648 2872; x_wconf 89' lang='lat' dir='ltr'>’tis</span> <span class='ocrx_word' id='word_1_170' title='bbox 663 2821 761 2873; x_wconf 89' lang='lat' dir='ltr'>sweet</span> <span class='ocrx_word' id='word_1_171' title='bbox 775 2812 838 2873; x_wconf 90' lang='lat' dir='ltr'>and</span> <span class='ocrx_word' id='word_1_172' title='bbox 854 2812 910 2876; x_wconf 92' lang='lat' dir='ltr'>full</span> <span class='ocrx_word' id='word_1_173' title='bbox 925 2812 960 2876; x_wconf 87' lang='lat' dir='ltr'>ol</span> <span class='ocrx_word' id='word_1_174' title='bbox 971 2833 1075 2896; x_wconf 91' lang='lat' dir='ltr'>pomp.</span> 
     </span>
     <span class='ocr_line' id='line_1_24' title="bbox 263 2906 947 2990; baseline 0.006 -21"><span class='ocrx_word' id='word_1_175' title='bbox 263 2908 372 2969; x_wconf 85' lang='lat' dir='ltr'>Usum.</span> <span class='ocrx_word' id='word_1_176' title='bbox 390 2908 436 2969; x_wconf 90' lang='grc' dir='ltr'>Το</span> <span class='ocrx_word' id='word_1_177' title='bbox 450 2906 488 2968; x_wconf 96' lang='lat' dir='ltr'>be</span> <span class='ocrx_word' id='word_1_178' title='bbox 503 2927 522 2968; x_wconf 92' lang='lat' dir='ltr'>a</span> <span class='ocrx_word' id='word_1_179' title='bbox 536 2907 612 2985; x_wconf 85' lang='lat' dir='ltr'>king</span> <span class='ocrx_word' id='word_1_180' title='bbox 626 2909 654 2970; x_wconf 94' lang='lat' dir='ltr'>is</span> <span class='ocrx_word' id='word_1_181' title='bbox 668 2908 738 2970; x_wconf 86' lang='lat' dir='ltr'>hall</span> <span class='ocrx_word' id='word_1_182' title='bbox 748 2917 778 2972; x_wconf 90' lang='lat' dir='ltr'>to</span> <span class='ocrx_word' id='word_1_183' title='bbox 793 2910 831 2972; x_wconf 92' lang='lat' dir='ltr'>be</span> <span class='ocrx_word' id='word_1_184' title='bbox 846 2931 865 2973; x_wconf 89' lang='lat' dir='ltr'>a</span> <span class='ocrx_word' id='word_1_185' title='bbox 879 2911 947 2990; x_wconf 91' lang='lat' dir='ltr'>god.</span> 
     </span>
    </p>

    <p class='ocr_par' dir='ltr' id='par_1_8' title="bbox 262 3007 987 3092">
     <span class='ocr_line' id='line_1_25' title="bbox 262 3007 987 3092; baseline 0.008 -22"><span class='ocrx_word' id='word_1_186' title='bbox 262 3008 359 3070; x_wconf 84' lang='lat' dir='ltr'>Ther.</span> <span class='ocrx_word' id='word_1_187' title='bbox 376 3009 404 3069; x_wconf 89' lang='grc' dir='ltr'>Α</span> <span class='ocrx_word' id='word_1_188' title='bbox 419 3007 521 3085; x_wconf 91' lang='lat' dir='ltr'>godis</span> <span class='ocrx_word' id='word_1_189' title='bbox 537 3017 592 3071; x_wconf 91' lang='lat' dir='ltr'>not</span> <span class='ocrx_word' id='word_1_190' title='bbox 607 3029 643 3073; x_wconf 90' lang='lat' dir='ltr'>so</span> <span class='ocrx_word' id='word_1_191' title='bbox 657 3011 798 3088; x_wconf 88' lang='lat' dir='ltr'>glorious</span> <span class='ocrx_word' id='word_1_192' title='bbox 813 3033 849 3075; x_wconf 89' lang='lat' dir='ltr'>as</span> <span class='ocrx_word' id='word_1_193' title='bbox 864 3034 883 3075; x_wconf 93' lang='lat' dir='ltr'>a</span> <span class='ocrx_word' id='word_1_194' title='bbox 897 3014 987 3092; x_wconf 85' lang='lat' dir='ltr'>king.</span> 
     </span>
    </p>

    <p class='ocr_par' dir='ltr' id='par_1_9' title="bbox 257 3106 1010 3290">
     <span class='ocr_line' id='line_1_26' title="bbox 258 3106 998 3191; baseline 0.011 -25"><span class='ocrx_word' id='word_1_195' title='bbox 258 3107 275 3167; x_wconf 92' lang='lat'>1.</span> <span class='ocrx_word' id='word_1_196' title='bbox 285 3106 377 3167; x_wconf 91' lang='lat' dir='ltr'>think</span> <span class='ocrx_word' id='word_1_197' title='bbox 390 3107 443 3168; x_wconf 88' lang='lat' dir='ltr'>the</span> <span class='ocrx_word' id='word_1_198' title='bbox 457 3107 603 3188; x_wconf 84' lang='lat' dir='ltr'>pleasure</span> <span class='ocrx_word' id='word_1_199' title='bbox 617 3109 691 3189; x_wconf 89' lang='lat' dir='ltr'>they</span> <span class='ocrx_word' id='word_1_200' title='bbox 705 3112 800 3191; x_wconf 73' lang='lat' dir='ltr'>enioy</span> <span class='ocrx_word' id='word_1_201' title='bbox 814 3112 847 3172; x_wconf 91' lang='lat' dir='ltr'>in</span> <span class='ocrx_word' id='word_1_202' title='bbox 863 3112 998 3184; x_wconf 89' lang='lat' dir='ltr'>heaven,</span> 
     </span>
     <span class='ocr_line' id='line_1_27' title="bbox 257 3202 1010 3290; baseline 0.007 -26"><span class='ocrx_word' id='word_1_203' title='bbox 257 3202 383 3265; x_wconf 89' lang='lat' dir='ltr'>Caunot</span> <span class='ocrx_word' id='word_1_204' title='bbox 397 3217 546 3285; x_wconf 88' lang='lat' dir='ltr'>compare</span> <span class='ocrx_word' id='word_1_205' title='bbox 561 3205 639 3267; x_wconf 89' lang='lat' dir='ltr'>with</span> <span class='ocrx_word' id='word_1_206' title='bbox 653 3206 761 3288; x_wconf 86' lang='lat' dir='ltr'>kingly</span> <span class='ocrx_word' id='word_1_207' title='bbox 775 3209 847 3290; x_wconf 89' lang='lat' dir='ltr'>joys</span> <span class='ocrx_word' id='word_1_208' title='bbox 862 3209 895 3271; x_wconf 93' lang='lat' dir='ltr'>in</span> <span class='ocrx_word' id='word_1_209' title='bbox 911 3210 1010 3272; x_wconf 90' lang='lat' dir='ltr'>earth.</span> 
     </span>
    </p>

    <p class='ocr_par' dir='ltr' id='par_1_10' title="bbox 255 3302 1102 3481">
     <span class='ocr_line' id='line_1_28' title="bbox 257 3302 1102 3388; baseline 0.008 -26"><span class='ocrx_word' id='word_1_210' title='bbox 257 3302 303 3363; x_wconf 82' lang='lat' dir='ltr'>&#39;l&#39;o</span> <span class='ocrx_word' id='word_1_211' title='bbox 318 3321 406 3363; x_wconf 88' lang='lat' dir='ltr'>wear</span> <span class='ocrx_word' id='word_1_212' title='bbox 421 3320 440 3362; x_wconf 98' lang='lat' dir='ltr'>a</span> <span class='ocrx_word' id='word_1_213' title='bbox 453 3320 563 3364; x_wconf 89' lang='lat' dir='ltr'>erown</span> <span class='ocrx_word' id='word_1_214' title='bbox 580 3305 737 3366; x_wconf 88' lang='lat' dir='ltr'>enchased</span> <span class='ocrx_word' id='word_1_215' title='bbox 752 3306 830 3367; x_wconf 88' lang='lat' dir='ltr'>with</span> <span class='ocrx_word' id='word_1_216' title='bbox 843 3309 929 3388; x_wconf 91' lang='lat' dir='ltr'>pearl</span> <span class='ocrx_word' id='word_1_217' title='bbox 944 3307 1006 3369; x_wconf 91' lang='lat' dir='ltr'>and</span> <span class='ocrx_word' id='word_1_218' title='bbox 1021 3306 1102 3384; x_wconf 88' lang='lat' dir='ltr'>gold,</span> 
     </span>
     <span class='ocr_line' id='line_1_29' title="bbox 255 3399 1028 3481; baseline 0.009 -20"><span class='ocrx_word' id='word_1_219' title='bbox 255 3399 381 3462; x_wconf 90' lang='lat' dir='ltr'>Whose</span> <span class='ocrx_word' id='word_1_220' title='bbox 395 3400 515 3462; x_wconf 84' lang='lat' dir='ltr'>virtues</span> <span class='ocrx_word' id='word_1_221' title='bbox 530 3420 622 3481; x_wconf 88' lang='lat' dir='ltr'>carry</span> <span class='ocrx_word' id='word_1_222' title='bbox 637 3403 715 3464; x_wconf 87' lang='lat' dir='ltr'>with</span> <span class='ocrx_word' id='word_1_223' title='bbox 729 3403 754 3465; x_wconf 92' lang='lat' dir='ltr'>it</span> <span class='ocrx_word' id='word_1_224' title='bbox 769 3403 820 3465; x_wconf 88' lang='lat' dir='ltr'>lile</span> <span class='ocrx_word' id='word_1_225' title='bbox 831 3405 893 3466; x_wconf 89' lang='lat' dir='ltr'>aud</span> <span class='ocrx_word' id='word_1_226' title='bbox 908 3405 1000 3468; x_wconf 90' lang='lat' dir='ltr'>death</span> <span class='ocrx_word' id='word_1_227' title='bbox 1012 3417 1028 3479; x_wconf 86' lang='lat'>;¹</span> 
     </span>
    </p>

    <p class='ocr_par' dir='ltr' id='par_1_11' title="bbox 255 3497 1185 3782">
     <span class='ocr_line' id='line_1_30' title="bbox 256 3497 1024 3583; baseline 0.012 -26"><span class='ocrx_word' id='word_1_228' title='bbox 256 3499 302 3559; x_wconf 91' lang='lat' dir='ltr'>To</span> <span class='ocrx_word' id='word_1_229' title='bbox 316 3499 375 3560; x_wconf 92' lang='lat' dir='ltr'>ask</span> <span class='ocrx_word' id='word_1_230' title='bbox 390 3497 452 3560; x_wconf 91' lang='lat' dir='ltr'>and</span> <span class='ocrx_word' id='word_1_231' title='bbox 465 3500 558 3571; x_wconf 88' lang='lat' dir='ltr'>have,</span> <span class='ocrx_word' id='word_1_232' title='bbox 575 3501 746 3563; x_wconf 90' lang='lat' dir='ltr'>command</span> <span class='ocrx_word' id='word_1_233' title='bbox 760 3502 823 3564; x_wconf 91' lang='lat' dir='ltr'>and</span> <span class='ocrx_word' id='word_1_234' title='bbox 836 3503 873 3565; x_wconf 92' lang='lat' dir='ltr'>be</span> <span class='ocrx_word' id='word_1_235' title='bbox 888 3504 1024 3583; x_wconf 89' lang='lat' dir='ltr'>obeyed;</span> 
     </span>
     <span class='ocr_line' id='line_1_31' title="bbox 255 3596 1185 3684; baseline 0.006 -27"><span class='ocrx_word' id='word_1_236' title='bbox 255 3596 364 3659; x_wconf 91' lang='lat' dir='ltr'>When</span> <span class='ocrx_word' id='word_1_237' title='bbox 381 3597 472 3659; x_wconf 90' lang='lat' dir='ltr'>looks</span> <span class='ocrx_word' id='word_1_238' title='bbox 487 3597 581 3659; x_wconf 91' lang='lat' dir='ltr'>breed</span> <span class='ocrx_word' id='word_1_239' title='bbox 595 3599 676 3672; x_wconf 92' lang='lat' dir='ltr'>love,</span> <span class='ocrx_word' id='word_1_240' title='bbox 692 3599 769 3662; x_wconf 90' lang='lat' dir='ltr'>with</span> <span class='ocrx_word' id='word_1_241' title='bbox 784 3602 874 3663; x_wconf 89' lang='lat' dir='ltr'>looks</span> <span class='ocrx_word' id='word_1_242' title='bbox 889 3608 920 3664; x_wconf 94' lang='lat' dir='ltr'>to</span> <span class='ocrx_word' id='word_1_243' title='bbox 935 3603 1007 3680; x_wconf 88' lang='lat' dir='ltr'>gaiu</span> <span class='ocrx_word' id='word_1_244' title='bbox 1023 3604 1074 3664; x_wconf 92' lang='lat' dir='ltr'>the</span> <span class='ocrx_word' id='word_1_245' title='bbox 1089 3602 1185 3684; x_wconf 89' lang='lat' dir='ltr'>prize,</span> 
     </span>
     <span class='ocr_line' id='line_1_32' title="bbox 258 3695 1102 3782; baseline 0.005 -26"><span class='ocrx_word' id='word_1_246' title='bbox 258 3695 345 3756; x_wconf 88' lang='lat' dir='ltr'>Such</span> <span class='ocrx_word' id='word_1_247' title='bbox 359 3712 469 3776; x_wconf 90' lang='lat' dir='ltr'>power</span> <span class='ocrx_word' id='word_1_248' title='bbox 483 3696 648 3759; x_wconf 86' lang='lat' dir='ltr'>attractiva</span> <span class='ocrx_word' id='word_1_249' title='bbox 662 3698 772 3760; x_wconf 88' lang='lat' dir='ltr'>shines</span> <span class='ocrx_word' id='word_1_250' title='bbox 786 3699 820 3761; x_wconf 90' lang='lat' dir='ltr'>in</span> <span class='ocrx_word' id='word_1_251' title='bbox 835 3701 1070 3782; x_wconf 77' lang='lat' dir='ltr'>princes’eyest</span> <span class='ocrx_word' id='word_1_252' title='bbox 1082 3699 1102 3760; x_wconf 90' lang='lat'>¹.</span> 
     </span>
    </p>
   </div>
   <div class='ocr_carea' id='block_1_4' title="bbox 174 3865 1391 4282">
    <p class='ocr_par' dir='ltr' id='par_1_12' title="bbox 174 3865 1391 4282">
     <span class='ocr_line' id='line_1_33' title="bbox 224 3865 1391 3962; baseline 0.012 -35"><span class='ocrx_word' id='word_1_253' title='bbox 224 3865 453 3952; x_wconf 78' lang='lat' dir='ltr'>«Agitedum,</span> <span class='ocrx_word' id='word_1_254' title='bbox 466 3867 810 3952; x_wconf 90' lang='lat' dir='ltr'>additTamerlanus,</span> <span class='ocrx_word' id='word_1_255' title='bbox 823 3891 882 3940; x_wconf 89' lang='lat' dir='ltr'>vos</span> <span class='ocrx_word' id='word_1_256' title='bbox 893 3892 992 3962; x_wconf 82' lang='lat' dir='ltr'>reges</span> <span class='ocrx_word' id='word_1_257' title='bbox 1002 3874 1209 3942; x_wconf 87' lang='lat' dir='ltr'>constituam</span> <span class='ocrx_word' id='word_1_258' title='bbox 1226 3871 1255 3938; x_wconf 90' lang='lat' dir='ltr'>si</span> <span class='ocrx_word' id='word_1_259' title='bbox 1272 3890 1329 3939; x_wconf 88' lang='lat' dir='ltr'>me</span> <span class='ocrx_word' id='word_1_260' title='bbox 1345 3874 1391 3942; x_wconf 91' lang='lat' dir='ltr'>ad</span> 
     </span>
     <span class='ocr_line' id='line_1_34' title="bbox 176 3973 1391 4067; baseline 0.009 -30"><span class='ocrx_word' id='word_1_261' title='bbox 176 3988 323 4060; x_wconf 80' lang='lat' dir='ltr'>regnum</span> <span class='ocrx_word' id='word_1_262' title='bbox 340 3973 515 4057; x_wconf 87' lang='lat' dir='ltr'>persicum</span> <span class='ocrx_word' id='word_1_263' title='bbox 530 3978 564 4041; x_wconf 89' lang='lat' dir='ltr'>et</span> <span class='ocrx_word' id='word_1_264' title='bbox 578 3976 620 4042; x_wconf 89' lang='lat' dir='ltr'>ad</span> <span class='ocrx_word' id='word_1_265' title='bbox 637 3977 816 4046; x_wconf 89' lang='lat' dir='ltr'>asiaticum</span> <span class='ocrx_word' id='word_1_266' title='bbox 835 3980 1021 4067; x_wconf 93' lang='lat' dir='ltr'>imperium</span> <span class='ocrx_word' id='word_1_267' title='bbox 1037 3980 1273 4066; x_wconf 87' lang='lat' dir='ltr'>arripiendum</span> <span class='ocrx_word' id='word_1_268' title='bbox 1289 3980 1345 4066; x_wconf 92' lang='lat' dir='ltr'>adj</span> <span class='ocrx_word' id='word_1_269' title='bbox 1352 4002 1391 4048; x_wconf 95' lang='lat' dir='ltr'>u-</span> 
     </span>
     <span class='ocr_line' id='line_1_35' title="bbox 174 4074 1387 4175; baseline 0.007 -30"><span class='ocrx_word' id='word_1_270' title='bbox 174 4075 324 4145; x_wconf 85' lang='lat' dir='ltr'>vabitis‘t</span> <span class='ocrx_word' id='word_1_271' title='bbox 342 4104 356 4137; x_wconf 89' lang='lat'>»</span> <span class='ocrx_word' id='word_1_272' title='bbox 374 4078 504 4146; x_wconf 89' lang='lat' dir='ltr'>Militiae</span> <span class='ocrx_word' id='word_1_273' title='bbox 518 4074 665 4149; x_wconf 89' lang='lat' dir='ltr'>ducibus</span> <span class='ocrx_word' id='word_1_274' title='bbox 678 4085 849 4169; x_wconf 91' lang='lat' dir='ltr'>proposita</span> <span class='ocrx_word' id='word_1_275' title='bbox 866 4089 1075 4175; x_wconf 90' lang='lat' dir='ltr'>perplacent.</span> <span class='ocrx_word' id='word_1_276' title='bbox 1095 4088 1156 4153; x_wconf 81' lang='lat' dir='ltr'>ills</span> <span class='ocrx_word' id='word_1_277' title='bbox 1167 4086 1387 4172; x_wconf 89' lang='lat' dir='ltr'>juvantibus,</span> 
     </span>
     <span class='ocr_line' id='line_1_36' title="bbox 175 4185 1388 4282; baseline 0.009 -31"><span class='ocrx_word' id='word_1_278' title='bbox 175 4185 398 4254; x_wconf 90' lang='lat' dir='ltr'>Tamerlanus</span> <span class='ocrx_word' id='word_1_279' title='bbox 428 4189 596 4256; x_wconf 83' lang='lat' dir='ltr'>Cosroetis</span> <span class='ocrx_word' id='word_1_280' title='bbox 625 4191 739 4276; x_wconf 90' lang='lat' dir='ltr'>copias</span> <span class='ocrx_word' id='word_1_281' title='bbox 767 4193 803 4258; x_wconf 91' lang='lat' dir='ltr'>in</span> <span class='ocrx_word' id='word_1_282' title='bbox 831 4193 950 4282; x_wconf 86' lang='lat' dir='ltr'>fugam</span> <span class='ocrx_word' id='word_1_283' title='bbox 984 4195 1118 4263; x_wconf 88' lang='lat' dir='ltr'>avertit.</span> <span class='ocrx_word' id='word_1_284' title='bbox 1149 4195 1212 4276; x_wconf 86' lang='lat' dir='ltr'>Qui</span> <span class='ocrx_word' id='word_1_285' title='bbox 1243 4193 1388 4262; x_wconf 84' lang='lat' dir='ltr'>sceleste</span> 
     </span>
    </p>
   </div>
   <div class='ocr_carea' id='block_1_5' title="bbox 175 4289 1388 4388">
    <p class='ocr_par' dir='ltr' id='par_1_13' title="bbox 175 4289 1388 4388">
     <span class='ocr_line' id='line_1_37' title="bbox 175 4289 1388 4388; baseline 0.008 -31"><span class='ocrx_word' id='word_1_286' title='bbox 175 4289 317 4359; x_wconf 83' lang='lat' dir='ltr'>fratrem</span> <span class='ocrx_word' id='word_1_287' title='bbox 331 4313 436 4362; x_wconf 90' lang='lat' dir='ltr'>suum</span> <span class='ocrx_word' id='word_1_288' title='bbox 450 4313 557 4384; x_wconf 88' lang='lat' dir='ltr'>regno</span> <span class='ocrx_word' id='word_1_289' title='bbox 572 4302 724 4378; x_wconf 84' lang='lat' dir='ltr'>exuerat,</span> <span class='ocrx_word' id='word_1_290' title='bbox 741 4300 816 4384; x_wconf 89' lang='lat' dir='ltr'>pari</span> <span class='ocrx_word' id='word_1_291' title='bbox 832 4300 974 4386; x_wconf 89' lang='lat' dir='ltr'>perfidia</span> <span class='ocrx_word' id='word_1_292' title='bbox 985 4302 1064 4388; x_wconf 90' lang='lat' dir='ltr'>jure</span> <span class='ocrx_word' id='word_1_293' title='bbox 1083 4301 1236 4381; x_wconf 72' lang='lat' dir='ltr'>allectuS,</span> <span class='ocrx_word' id='word_1_294' title='bbox 1254 4320 1334 4368; x_wconf 87' lang='lat' dir='ltr'>mox</span> <span class='ocrx_word' id='word_1_295' title='bbox 1350 4301 1388 4368; x_wconf 91' lang='lat' dir='ltr'>in</span> 
     </span>
    </p>
   </div>
   <div class='ocr_carea' id='block_1_6' title="bbox 176 4401 1385 4596">
    <p class='ocr_par' dir='ltr' id='par_1_14' title="bbox 176 4401 1385 4596">
     <span class='ocr_line' id='line_1_38' title="bbox 176 4401 1385 4497; baseline 0.011 -32"><span class='ocrx_word' id='word_1_296' title='bbox 176 4416 315 4468; x_wconf 88' lang='lat' dir='ltr'>scenam</span> <span class='ocrx_word' id='word_1_297' title='bbox 328 4401 453 4487; x_wconf 90' lang='lat' dir='ltr'>prodit,</span> <span class='ocrx_word' id='word_1_298' title='bbox 471 4403 639 4491; x_wconf 87' lang='lat' dir='ltr'>sanguine</span> <span class='ocrx_word' id='word_1_299' title='bbox 655 4423 717 4473; x_wconf 91' lang='lat' dir='ltr'>suo</span> <span class='ocrx_word' id='word_1_300' title='bbox 731 4407 875 4475; x_wconf 88' lang='lat' dir='ltr'>madens</span> <span class='ocrx_word' id='word_1_301' title='bbox 896 4414 929 4476; x_wconf 91' lang='lat' dir='ltr'>et</span> <span class='ocrx_word' id='word_1_302' title='bbox 949 4410 1101 4497; x_wconf 86' lang='lat' dir='ltr'>graviter</span> <span class='ocrx_word' id='word_1_303' title='bbox 1120 4409 1221 4479; x_wconf 88' lang='lat' dir='ltr'>ictus.</span> <span class='ocrx_word' id='word_1_304' title='bbox 1245 4410 1385 4478; x_wconf 88' lang='lat' dir='ltr'>Tamer-</span> 
     </span>
     <span class='ocr_line' id='line_1_39' title="bbox 176 4504 745 4596; baseline 0.016 -25"><span class='ocrx_word' id='word_1_305' title='bbox 176 4504 294 4573; x_wconf 90' lang='lat' dir='ltr'>lanum</span> <span class='ocrx_word' id='word_1_306' title='bbox 309 4508 535 4596; x_wconf 88' lang='lat' dir='ltr'>conspiciens,</span> <span class='ocrx_word' id='word_1_307' title='bbox 553 4511 721 4580; x_wconf 87' lang='lat' dir='ltr'>exclamat</span> <span class='ocrx_word' id='word_1_308' title='bbox 738 4533 745 4579; x_wconf 95' lang='lat'><strong>:</strong></span> 
     </span>
    </p>
   </div>
   <div class='ocr_carea' id='block_1_7' title="bbox 206 4736 851 4817">
    <p class='ocr_par' dir='ltr' id='par_1_15' title="bbox 206 4736 851 4817">
     <span class='ocr_line' id='line_1_40' title="bbox 206 4736 851 4817; baseline 0.017 -25"><span class='ocrx_word' id='word_1_309' title='bbox 206 4743 215 4778; x_wconf 89' lang='lat'>¹</span> <span class='ocrx_word' id='word_1_310' title='bbox 231 4736 276 4792; x_wconf 81' lang='lat' dir='ltr'>Ed.</span> <span class='ocrx_word' id='word_1_311' title='bbox 291 4737 395 4806; x_wconf 77' lang='lat' dir='ltr'>Bellen,</span> <span class='ocrx_word' id='word_1_312' title='bbox 408 4741 461 4797; x_wconf 91' lang='lat' dir='ltr'>vol.</span> <span class='ocrx_word' id='word_1_313' title='bbox 476 4743 496 4807; x_wconf 95' lang='lat'>1,</span> <span class='ocrx_word' id='word_1_314' title='bbox 506 4757 533 4817; x_wconf 88' lang='lat' dir='ltr'>p.</span> <span class='ocrx_word' id='word_1_315' title='bbox 546 4743 589 4799; x_wconf 76' lang='lat' dir='ltr'>tl.</span> <span class='ocrx_word' id='word_1_316' title='bbox 605 4770 636 4784; x_wconf 92' lang='lat'>-</span> <span class='ocrx_word' id='word_1_317' title='bbox 647 4745 705 4798; x_wconf 79' lang='lat' dir='ltr'>Act.</span> <span class='ocrx_word' id='word_1_318' title='bbox 719 4745 750 4810; x_wconf 92' lang='lat'>11,</span> <span class='ocrx_word' id='word_1_319' title='bbox 762 4743 805 4798; x_wconf 84' lang='lat' dir='ltr'>Sc.</span> <span class='ocrx_word' id='word_1_320' title='bbox 818 4746 851 4803; x_wconf 81' lang='lat' dir='ltr'>V.</span> 
     </span>
    </p>
   </div>
   <div class='ocr_carea' id='block_1_8' title="bbox 0 0 1568 5474">
    <p class='ocr_par' dir='ltr' id='par_1_16' title="bbox 0 0 1568 5474">
     <span class='ocr_line' id='line_1_41' title="bbox 0 0 1568 5474; baseline 0 0"><span class='ocrx_word' id='word_1_321' title='bbox 0 0 1568 5474; x_wconf 95' lang='lat' dir='ltr'> </span> 
     </span>
    </p>
   </div>
  </div>
 </body>
</html>
