3120 5474
709 359 868 424 ...59-

178 534 321 616 idonee,
339 531 553 600 inscribitur.
565 531 677 600 Titulo
688 531 783 598 illius
794 530 1029 619 subscriptum
1043 530 1109 601 suit
1119 550 1246 603 nomen
1257 534 1396 603 Roherti

176 640 312 722 Greeni,
338 639 399 726 qui
419 642 623 707 numeratur
649 640 740 707 inter
760 640 998 723 suavissimos
1028 641 1260 709 solutissimos
1280 647 1396 710 autem

176 746 361 831 scriptores
385 747 444 832 qui
464 746 615 826 tabulas,
646 746 771 814 iisdem
796 748 1025 833 temporibus,
1057 749 1236 816 docebant.
1254 750 1397 836 Aliquot

176 851 451 921 bebdomadibus
477 856 554 938 post
577 855 725 920 mortem
750 853 825 940 eJus
853 855 966 921 editus
990 853 1068 933 fuit,
1094 874 1185 922 anno
1208 856 1395 923 millesimo

175 960 456 1048 quingentesimo
471 961 695 1048 nonagesimo
712 962 862 1029 secundo
881 960 1008 1050 (1592),
1026 966 1106 1029 ante
1122 963 1216 1029 diem
1232 964 1394 1047 quartum

174 1067 228 1135 vel
248 1068 392 1133 tertium
411 1070 525 1135 Nonas
541 1068 759 1153 Septembres
781 1067 825 1156 (te
845 1070 865 1134 ἓ
885 1087 932 1135 ou
953 1071 1021 1137 le3
1040 1068 1267 1157 septembre).
1287 1072 1395 1136 Locus

173 1172 232 1258 qui
256 1174 300 1241 ad
325 1175 529 1242 Marlovium
549 1175 698 1261 pertinet
725 1175 951 1262 subjungitur
989 1176 1048 1243 uni
1073 1194 1114 1242 ex
1144 1175 1271 1241 fabulis
1301 1194 1395 1242 com·

174 1281 350 1348 menticiis
361 1301 447 1367 quas
458 1283 601 1369 largiter
611 1282 806 1349 effundebat
819 1301 917 1349 musa
931 1281 1043 1350 facilis
1053 1286 1087 1351 et
1100 1281 1246 1349 fecunda
1257 1283 1392 1359 (trochi,

172 1390 206 1454 et
219 1406 301 1473 pars
316 1392 369 1455 est
388 1390 531 1455 moralis
551 1390 727 1457 concionis
748 1409 814 1475 qua
834 1392 965 1469 auctor,
987 1390 1023 1456 in
1039 1389 1221 1474 praecipuae
1237 1407 1394 1474 personae

173 1495 288 1562 locum
305 1497 509 1576 succedens
530 1497 693 1565 admonet
708 1497 866 1582 primum
887 1496 1059 1583 gregatim
1080 1495 1212 1581 eosqui
1236 1495 1392 1562 libellum

173 1602 290 1689 legent
305 1605 339 1669 et
353 1604 478 1672 deinde
493 1604 675 1692 sigillatim
694 1603 824 1671 amicos
839 1623 931 1670 suos.
949 1603 1132 1690 Reperitur
1146 1601 1245 1668 initio
1262 1606 1393 1688 postre-

172 1709 221 1775 mi
237 1711 422 1791 sermonis‚
440 1711 597 1797 inscripti
617 1732 625 1777 ε

215 1891 228 1920 ‹
253 1869 301 1930 To
324 1868 417 1929 those
440 1867 643 1944 Gentlemen,
669 1867 720 1929 his
746 1867 914 1943 Quondam
935 1867 1176 1948 acquaintance,
1201 1868 1270 1930 that
1293 1867 1392 1949 spend

171 1965 255 2027 their
277 1965 351 2027 wits
370 1965 404 2026 in
429 1966 562 2046 making
582 1966 697 2038 Plaies,
721 1967 762 2028 R.
790 1966 828 2029 G.
855 1966 993 2029 wisheth
1017 1985 1037 2028 a
1060 1966 1159 2028 better
1172 1965 1315 2029 exercise
1330 1967 1391 2028 aud

171 2063 327 2127 wisdome
342 2070 374 2126 to
389 2073 521 2144 prevent
537 2063 588 2126 his
604 2064 811 2127 extremities.
831 2087 845 2119 »

214 2237 259 2305 Hi
284 2237 482 2323 scriptores,
503 2238 702 2310 Marlovius,
728 2238 821 2304 Nash
846 2240 880 2304 et
903 2238 1025 2305 Peelus
1048 2240 1280 2306 numerantur
1303 2239 1393 2305 inter

171 2344 416 2412 celeberrimos
438 2363 558 2412 eorum
579 2346 639 2430 qui
658 2345 784 2427 iisdem
805 2344 1021 2430 temporibus
1042 2343 1176 2412 fabulas
1196 2346 1336 2426 dabant,
1359 2349 1392 2412 et
1511 2339 1515 2346 ’

169 2453 292 2521 Greeni
314 2455 413 2519 erant
437 2453 533 2534 socii,
556 2472 665 2539 quum
686 2453 940 2533 libidinaretur,
963 2452 1068 2519 simul
1089 2471 1129 2519 ae
1150 2453 1280 2520 aemuli.
1299 2453 1392 2521 Licet

169 2561 311 2627 nomine
335 2578 404 2627 non
428 2559 638 2642 indicentur,
664 2560 768 2626 claris
793 2563 910 2625 tamen
936 2559 1075 2626 indiciis
1100 2562 1275 2626 notantur.
1295 2561 1390 2627 Docti

169 2668 323 2754 primum
339 2667 623 2735 existimaverant
638 2667 830 2735 secundum
846 2685 922 2735 esse
934 2667 1116 2754 Lodgium.
1130 2666 1258 2733 Deinde
1274 2670 1390 2734 autem

169 2775 449 2842 demonstratum
465 2778 516 2841 est
531 2774 695 2854 dilucide,
714 2780 751 2842 ut
767 2777 900 2862 opinor,
916 2777 1009 2844 hune
1023 2776 1130 2844 libelli
1147 2777 1261 2843 locum
1278 2776 1390 2842 solum

169 2881 211 2949 ad
241 2882 335 2948 Nash
365 2880 546 2966 respicere.
582 2882 656 2948 Duo
685 2882 745 2948 alii
773 2884 927 2969 apertius
960 2883 1189 2971 designantur
1219 2900 1325 2969 quarn
1354 2885 1392 2949 ut

168 3007 295 3056 nomen
310 3006 432 3055 eorum
449 3007 603 3073 unquam
625 2989 661 3054 in
676 2989 807 3056 incerto
823 2990 939 3057 luerit.
958 2990 1080 3056 Finem
1094 2990 1232 3057 dicendi
1248 2989 1389 3068 iaciens,

169 3097 199 3162 is
214 3095 274 3180 qui
291 3095 449 3162 libellum
465 3095 605 3181 scripsit
624 3097 815 3163 orationem
836 3097 1004 3164 convertit
1024 3098 1067 3164 ad
1092 3100 1256 3183 quartum
1282 3096 1390 3181 scrip-

169 3206 277 3271 torem
293 3202 366 3289 qui,
383 3203 540 3269 omnium
557 3221 736 3283 concessu,
754 3205 1011 3289 Shakespearus
1026 3206 1089 3271 est.

212 3312 285 3378 Hac
307 3310 463 3376 oratione
486 3311 652 3390 timenus,
679 3312 863 3397 postquam
889 3314 1001 3378 errata
1025 3329 1087 3377 sua
1116 3309 1295 3377 confessus
1325 3314 1388 3389 est,

169 3418 372 3485 adhortatur
395 3419 528 3483 veteres
552 3435 694 3509 suorum
720 3418 930 3504 flagitiorum
957 3417 1143 3503 participes
1168 3420 1207 3484 ut
1231 3417 1391 3484 desinant

168 3522 319 3589 scribere
347 3522 482 3589 fabulas
506 3525 540 3588 et
564 3523 606 3589 de
629 3523 798 3608 pravitate
822 3543 858 3591 se
877 3525 1061 3603 deducant,
1088 3542 1131 3590 ne
1155 3524 1253 3590 luant
1271 3542 1390 3608 poenas

167 3628 294 3714 quibus
318 3629 403 3713 ipse,
427 3629 504 3715 Jure
522 3649 561 3696 ac
584 3631 708 3696 merito
723 3630 878 3709 affectus,
900 3630 1076 3715 periturus
1101 3631 1158 3697 sit.
1181 3632 1248 3697 Eos
1274 3634 1388 3697 autem

168 3737 353 3816 monend0,
366 3737 521 3823 maligne
531 3741 780 3804 commemorat
795 3740 919 3816 errata,
937 3736 1023 3804 salsa
1038 3739 1092 3805 vel
1103 3756 1194 3813 vera,
1207 3755 1284 3822 quae
1294 3755 1388 3804 com-

167 3842 306 3909 misisse
324 3843 571 3929 arguebantur.
593 3845 779 3911 Admonita
795 3844 869 3931 ejus
890 3847 1057 3912 renovant
1074 3863 1112 3912 ea
1137 3847 1234 3929 parte
1257 3861 1388 3910 memo-

167 3949 255 4015 riam
271 3942 408 4035 Scapini
424 3969 442 4015 a
458 3951 606 4017 Geronto
626 3954 782 4036 proterve
795 3949 835 4040 let
854 3952 968 4037 palam
991 3951 1200 4038 postulantis
1216 3953 1253 4017 ut
1271 3951 1388 4038 ignos-

166 4059 264 4122 catur
279 4057 308 4121 si
324 4056 354 4122 ei
371 4055 441 4123 fust
428 4059 461 4123 te
476 4060 589 4124 costas
604 4059 784 4126 dotaverit

209 4220 369 4301 ‹Delight
383 4229 447 4298 not,
464 4221 644 4300 inquitille,
663 4218 709 4300 (as
724 4220 963 4301 lhavedone)
925 4220 989 4301 )m
1004 4204 1170 4318 irreligiopi
1149 4204 1341 4318 Macaths
1339 4239 1387 4300 or
1378 4225 1454 4350 ¹47

166 4318 247 4382 from
278 4318 331 4380 the
353 4317 573 4400 blasphemers
595 4319 713 4393 house,
739 4339 878 4382 acurse
912 4321 994 4382 shall
1021 4328 1077 4382 not
1107 4319 1226 4400 depart
1253 4320 1388 4400 Despiso

166 4415 389 4490 drunkenneS,
418 4417 524 4479 which
547 4418 683 4480 wastoth
708 4418 759 4479 the
782 4418 857 4497 wit,
888 4417 950 4480 and
980 4417 1108 4479 maketh
1132 4435 1206 4477 men
1229 4418 1271 4478 all
1294 4418 1387 4497 equal

166 4537 209 4578 un
212 4524 244 4578 to
212 4514 377 4577 theasts.
394 4516 462 4577 Flie
476 4517 551 4589 lust,
568 4536 604 4578 as
624 4516 676 4577 the
692 4515 763 4578 deat
764 4516 880 4578 hsmau
901 4514 935 4578 oi
949 4517 1001 4578 the
1025 4518 1126 4594 scula,
1143 4513 1206 4577 and
1224 4513 1315 4577 defilo
1330 4518 1387 4576 not

165 4615 217 4676 the
227 4614 361 4694 Temple
371 4612 406 4675 of
413 4614 464 4675 the
476 4614 551 4693 holy
561 4613 666 4694 ghost.
678 4613 824 4677 Abhorre
837 4613 926 4677 those
936 4613 1102 4695 Epicuros
1114 4613 1225 4675 whose
1235 4614 1323 4674 loose
1333 4610 1386 4673 life

164 4712 242 4775 bath
257 4710 352 4774 made
367 4711 502 4792 religion
517 4712 675 4774 lothsome
694 4719 726 4775 to
747 4730 830 4792 your
853 4731 968 4775 cares:
994 4711 1058 4774 and
1077 4711 1172 4773 when
1196 4711 1270 4792 they
1293 4709 1386 4773 sooth
