3120 5474
175 94 267 164 inter
295 100 427 183 priores
452 97 601 176 1011110ος
626 99 868 183 antiquissima
897 100 1000 166 etiam
1025 117 1100 165 esse
1123 100 1270 178 videtur,
1291 101 1385 167 nulla

177 205 270 271 enim
296 207 435 272 inventa
463 209 530 283 est,
556 204 647 270 inter
675 205 870 289 superiores
892 206 1041 283 fabulas,
1071 225 1149 291 quae
1172 207 1204 272 01
1228 209 1385 293 componi

179 310 296 394 possit,
315 327 384 376 non
400 310 512 376 solum
528 308 723 394 argumenti
739 327 877 395 genere,
894 311 953 377 sed
972 311 1078 379 etiam
1096 313 1226 378 crebris
1245 314 1387 380 intrica-

178 416 290 500 tisque
313 415 414 482 nodis
438 420 472 482 et
494 433 611 481 rerum
635 415 702 481 cito
726 417 987 503 vehementique
1010 437 1126 485 cursu.
1148 419 1211 485 Hic
1230 420 1383 499 Judoeus,

176 538 236 606 per
254 540 431 590 summam
446 519 610 606 injuriam
631 521 730 587 bonis
746 521 818 587 suis
834 523 999 606 spoliatus
1018 526 1052 590 et
1069 524 1247 592 iracundia
1265 525 1386 610 suique

175 628 366 696 ulciscendi
395 628 508 694 studio
532 629 574 695 ad
600 628 813 714 nequissima
841 632 876 694 01
899 632 1070 714 postremo
1093 631 1136 698 ad
1163 632 1385 700 insanissima

174 733 303 799 scelera
327 733 538 819 compulsus,
567 733 713 820 cogitata
736 733 869 817 perlicit
887 735 1003 800 animo
1024 738 1095 803 tam
1110 737 1281 806 obstinato
1296 743 1384 807 0110-

173 839 284 924 cique,
299 840 494 925 periculum
509 843 580 907 tam
595 840 757 906 audacter
768 839 968 919 contemnit,
981 844 1265 926 utsaepenumero
1275 862 1384 928 quan-

173 948 245 1012 tum
262 945 323 1012 illa
342 949 521 1030 properata
539 950 573 1013 et
591 947 708 1011 contra
728 943 829 1011 tidem
850 944 922 1012 sint
940 946 1165 1015 obliviscaris.
1187 949 1386 1034 Spectantes

173 1051 281 1117 trabit
305 1052 507 1119 anhelantes
535 1051 713 1118 0101111100
741 1070 850 1136 usque
878 1052 920 1119 ad
946 1055 1142 1140 argumenti
1167 1056 1297 1123 exitum
1324 1075 1385 1142 per

173 1158 321 1226 fabricas
340 1178 419 1245 quae
432 1160 506 1225 sine
521 1157 776 1225 intermissione
791 1158 868 1224 aliae
882 1178 922 1225 ex
936 1159 1015 1225 aliis
1029 1161 1202 1228 oriuntur.

215 1266 418 1333 Marlovium
435 1271 526 1333 certe
540 1283 609 1331 non
624 1264 744 1331 fefellit
758 1282 939 1350 personam
954 1270 988 1332 et
1002 1270 1116 1353 partes
1127 1269 1280 1350 Barabae,
1292 1271 1385 1337 Meli-

172 1373 280 1439 tensis
302 1372 430 1446 Judmi,
454 1390 571 1439 rerum
595 1371 785 1438 nimiarum
806 1371 860 1439 vel
884 1375 1002 1440 contra
1029 1372 1133 1440 fidem
1156 1375 1275 1461 plenas
1294 1395 1380 1444 esse.

171 1478 284 1559 Quum
302 1478 463 1545 conscius
486 1496 544 1544 eas
568 1479 653 1544 tales
680 1475 854 1565 figuravit,
875 1479 960 1563 quin
979 1478 1051 1545 imo
1075 1482 1210 1548 tantum
1234 1482 1331 1548 auxit
1344 1487 1383 1550 111

170 1575 353 1653 consuetos
380 1584 472 1654 lines
492 1603 608 1651 rerum
633 1601 710 1668 quae
733 1584 892 1653 absurdae
921 1588 1002 1652 sunt
1025 1587 1325 1674 transgrediantur
1348 1593 1382 1655 et

170 1692 334 1759 decidant
360 1691 395 1756 in
424 1694 617 1761 commenta
637 1692 796 1759 amentiae
819 1691 995 1776 proxima,
1026 1710 1094 1760 non
1121 1693 1203 1759 solis
1235 1693 1382 1761 indulsit

168 1798 322 1866 motibus
343 1797 474 1885 ingenii
490 1801 584 1864 extra
604 1798 745 1866 modum
763 1797 1019 1882 superfluentis,
1036 1798 1140 1884 hujus
1161 1800 1255 1866 enim
1273 1801 1380 1868 licen-

169 1905 226 1972 tiae
237 1904 313 1991 jam
336 1905 460 1972 0111110
483 1907 635 1990 tempore
658 1903 773 1972 valida
796 1902 891 1971 frena
916 1904 1091 1990 injecerat.
1117 1906 1292 1991 Impulsus
1315 1906 1382 1974 11111

168 2030 306 2097 quoque
331 2011 523 2079 rationibus
550 2010 846 2096 praestantioribus
872 2029 978 2095 quam
1005 2012 1197 2097 prudentiae
1220 2011 1381 2099 firmique

165 2117 289 2204 judicii
319 2117 476 2185 consilia.
507 2117 589 2199 Quae
618 2117 784 2195 10110100,
821 2136 930 2202 quum
958 2122 1086 2186 attente
1113 2119 1377 2204 perquiruntur,

168 2224 270 2304 nihil,
290 2229 329 2292 ut
343 2225 476 2310 opinor,
493 2225 589 2292 aliud
603 2223 754 2304 1110111111,
771 2224 839 2290 11101
854 2224 1064 2291 desiderium
1077 2225 1149 2291 vim
1164 2225 1331 2314 tragicam
1346 2232 1380 2294 et

168 2331 296 2399 atrocia
316 2331 513 2418 argumenti
532 2336 652 2399 eventa
672 2331 785 2418 magis
803 2331 983 2419 magisque
1002 2332 1208 2419 adaugendi,
1230 2350 1273 2399 ne
1291 2333 1376 2419 ipse,

168 2436 308 2525 fastigio
327 2438 417 2524 quod
437 2438 598 2525 attigerat
612 2437 783 2522 delapsus,
801 2438 915 2523 impar
931 2438 996 2504 sibi
1012 2438 1198 2506 videretur.
1215 2439 1378 2521 Quamvis

168 2543 309 2631 ingenio
338 2544 502 2629 praeclaro
525 2543 739 2628 secundoque
763 2545 930 2628 praeditus
953 2543 1069 2624 fuerit,
1092 2545 1277 2615 Marlovius
1294 2550 1378 2614 tunc

167 2649 385 2718 incidebatur
400 2651 438 2717 in
459 2651 603 2719 salebris
617 2651 744 2736 quibus
759 2650 995 2736 impediuntur
1009 2651 1192 2737 scriptores
1205 2652 1277 2738 qui,
1294 2653 1376 2720 viri·

168 2756 233 2823 bus
256 2756 463 2842 dotibusque
486 2757 560 2823 suis
585 2775 653 2823 non
675 2759 865 2842 parcentes,
888 2775 1008 2824 omnes
1026 2757 1170 2824 virtutes
1192 2758 1227 2824 in
1249 2759 1377 2825 animis

168 2863 242 2931 suis
259 2868 383 2931 natura
397 2864 533 2942 insitas,
556 2865 593 2930 in
614 2864 737 2948 primis
758 2864 920 2948 operibus
941 2863 1179 2949 profuderunt.
1202 2865 1229 2931 li
1253 2866 1377 2933 deinde

167 2970 327 3038 nesciunt
349 2970 475 3055 quibus
500 2970 632 3037 artibus
654 2973 877 3055 permaneant
895 2970 932 3037 in
951 2988 1088 3038 summo
1111 2971 1263 3040 culmine
1284 2972 1376 3058 quod
1400 3003 1401 3006 ¹

167 3076 382 3161 unoimpetu
396 3076 510 3161 adepti
530 3080 623 3144 sunt.

212 3183 327 3266 Impar
341 3200 404 3251 suo
415 3183 587 3251 scribendi
602 3182 703 3249 modo
718 3185 752 3248 et
766 3182 960 3250 fabularum
971 3184 1090 3271 generi
1101 3203 1169 3268 quo
1184 3187 1376 3270 spectantes
1407 3272 1409 3276 Α

167 3287 401 3355 illiciebantur
416 3293 489 3355 tam
502 3293 641 3374 repente
664 3289 883 3367 renovandis,
900 3291 934 3356 et
952 3290 1072 3357 eadem
1095 3290 1224 3365 iterum
1238 3291 1375 3359 dicendi

167 3393 356 3482 refugiens,
383 3395 568 3463 Marlovius
590 3396 709 3462 enisus
729 3401 781 3463 001
803 3400 841 3462 111
863 3395 1016 3480 seipsum
1043 3400 1220 3482 superaret
1241 3398 1375 3465 animos

166 3503 364 3569 constanter
382 3503 486 3570 altius
509 3502 689 3571 movendo.
713 3503 787 3568 Non
807 3501 914 3589 igitur
933 3502 1063 3569 mirum
1086 3505 1138 3570 est
1157 3504 1185 3570 si
1204 3504 1375 3571 obstinato

166 3610 211 3686 et,
227 3612 267 3675 ut
279 3609 329 3675 ita
345 3610 470 3689 dicam,
492 3609 670 3695 desperato
690 3608 804 3675 laboro
827 3608 980 3692 primum
1003 3609 1088 3689 veri,
1114 3609 1238 3677 deinde
1252 3610 1373 3676 verisi-

165 3714 259 3782 milis
274 3721 308 3781 et
323 3715 467 3783 humani
481 3714 567 3783 fines
587 3714 763 3800 praeteriit.
784 3714 987 3782 'lamerlano
1008 3713 1106 3801 cujus
1130 3717 1374 3802 argumentum

166 3824 200 3887 et
211 3839 369 3906 personae
382 3820 524 3888 modum
538 3822 706 3887 excedunt
724 3823 812 3901 acto,
834 3821 952 3888 Fausti
971 3822 1153 3888 materiam
1171 3822 1373 3889 atrociorem
1461 3804 1465 3816 ¹

164 3927 277 3995 adhue
292 3931 327 3993 01
346 3927 458 4015 magis
477 3928 683 3994 horrendam
700 3928 887 3994 invenerat.
905 3928 1092 3994 Parisiensi
1106 3928 1197 3994 caede
1216 3931 1249 3994 et
1261 3929 1374 3995 civilis

164 4034 244 4101 belli
270 4032 428 4102 cladibus
441 4033 565 4102 deinde
579 4053 652 4101 rem
671 4035 852 4119 quaesitam
873 4033 1078 4112 obtinuerat,
1096 4037 1129 4100 et
1143 4034 1372 4119 spectantium

164 4140 387 4226 opinionibus
416 4140 609 4226 depravatis
638 4140 952 4226 cupiditatibusque
984 4139 1190 4207 blandiendo
1222 4140 1370 4222 vicerat,

163 4248 266 4315 modo
294 4249 411 4312 tamen
437 4247 546 4313 caedes
577 4246 781 4314 Parisiensis
812 4247 848 4312 in
881 4265 1018 4314 scenam
1050 4249 1129 4313 ante
1160 4247 1372 4314 Melitensem
