3120 5474
682 413 859 479 -lal-

211 609 223 639 ι
242 585 319 648 Give
336 589 452 650 metha
476 606 551 649 man
575 587 684 649 whose
704 587 899 668 extemporal
916 586 988 648 vein
1012 584 1045 646 in
1073 604 1136 664 any
1160 585 1291 645 humour
1302 584 1352 645 will

167 687 267 747 excell
291 705 351 748 eur
373 693 509 764 greatest
532 687 748 748 art-moelers’
770 685 938 749 deliberate
961 685 1113 762 thoughs;
1138 684 1247 745 whose
1260 683 1352 746 iuren-

167 782 263 860 tiene,
285 784 416 864 quicker
439 786 514 847 than
539 785 589 847 his
605 805 672 864 eye,
690 786 755 846 will
771 786 933 862 challenge
952 785 1004 845 the
1021 782 1170 863 proudest
1185 780 1352 844 rhetorician

166 887 197 943 te
211 882 262 943 the
281 884 465 944 cententien
490 882 525 946 es
544 885 595 945 the
616 884 679 945 like
702 882 873 964 perlectien
888 882 967 944 with
982 883 1034 944 the
1049 881 1113 944 like
1127 878 1317 962 expedition¹
1331 904 1351 940 r.

211 1028 293 1112 Quis
318 1031 391 1095 erat
415 1029 470 1097 hic
489 1031 615 1097 artium
639 1029 804 1116 magister
827 1030 886 1115 qui
910 1029 946 1096 in
967 1048 1105 1096 scenam
1125 1046 1262 1095 versum
1282 1027 1355 1094 haud

167 1141 409 1205 consonantem
426 1137 611 1215 induxerit,
624 1137 677 1203 vel
694 1136 772 1202 usui
788 1134 861 1220 eJ'us
877 1135 913 1200 in
928 1134 1052 1202 tabulis
1064 1135 1196 1212 faverit,
1209 1137 1242 1200 et
1255 1151 1355 1200 nume·

167 1245 264 1309 ratur
290 1262 309 1308 a
335 1243 461 1310 Thema
491 1244 583 1309 Nash
612 1244 648 1310 in
677 1243 732 1309 his
760 1243 894 1310 duobus
923 1243 1026 1321 locis,
1057 1243 1148 1309 inter
1175 1242 1357 1308 vilissimos.

167 1350 318 1416 Greenus
334 1349 407 1434 ipse
427 1369 500 1416 rem
515 1349 613 1416 nebis
629 1353 745 1416 notam
766 1349 847 1417 fecit
866 1350 902 1415 in
921 1349 1036 1416 libelle
1057 1368 1144 1416 sue:
1165 1349 1360 1415 Perimedes

168 1458 227 1524 tlte
256 1458 520 1537 accederent,
547 1474 637 1522 anne
664 1461 826 1542 sequente
848 1457 951 1524 edite.
977 1458 1165 1542 Postquam
1188 1457 1362 1534 nuntiavit,
1424 1446 1427 1483 ¹

167 1564 266 1631 initio
281 1565 433 1650 epistolae
450 1585 458 1628 ι
484 1567 529 1631 Το
551 1565 608 1630 tlte
623 1565 835 1634 Gentlemen
850 1565 1013 1632 Reddere
1028 1565 1162 1643 dicatae,
1180 1583 1216 1630 se
1230 1583 1250 1630 a
1265 1568 1366 1631 vetere

167 1691 228 1738 sua
253 1671 500 1739 consuetudine
523 1689 633 1757 prosae
659 1672 1039 1739 erationis-condendae
1061 1690 1130 1738 nen
1155 1672 1368 1738 decessurum

167 1796 253 1857 esse,
271 1797 333 1845 nes
348 1779 446 1845 decet
459 1779 590 1844 Horatii
606 1797 757 1858 versum,
778 1779 814 1845 in
833 1779 946 1864 prima
966 1777 1077 1846 fronte
1098 1777 1207 1845 libelli
1231 1779 1369 1864 inscrip-

167 1887 267 1951 tum:
296 1911 311 1944 <r
339 1884 451 1953 Omne
477 1886 563 1952 toln
583 1891 780 1971 punctum,
806 1887 872 1971 qni
892 1887 1040 1952 natscuit
1062 1886 1155 1952 utile
1177 1886 1294 1967 dulci,
1321 1905 1374 1975 per

163 1989 279 2080 jocum
296 1992 422 2058 lectum
444 2010 531 2071 esse,
549 2010 642 2087 nam,
660 1994 774 2079 inquit
790 1994 863 2079 ipse
881 2014 888 2058 :

210 2152 223 2182 «
241 2129 265 2190 I
276 2129 372 2191 could
389 2133 445 2192 net
464 2130 556 2192 melre
578 2152 630 2211 my
647 2151 751 2193 verses
764 2132 815 2211 jer
834 2152 876 2192 en
901 2132 953 2192 the
971 2140 1063 2212 stirpe
1088 2129 1121 2191 in
1144 2124 1290 2213 tropicol
1312 2135 1378 2196 bue·

168 2227 252 2306 hine,
269 2247 364 2307 every
379 2228 468 2289 word
487 2229 586 2306 filling
601 2231 652 2292 the
676 2230 787 2291 mouth
810 2230 873 2292 like
895 2231 946 2291 the
972 2227 1125 2291 saburden
1146 2229 1182 2292 ol
1202 2232 1381 2311 Bow-Beh,

168 2325 279 2403 daring
299 2325 367 2387 God
388 2334 442 2387 eut
466 2329 596 2389 Heaven
620 2329 698 2390 with
718 2330 784 2391 that
805 2329 921 2391 atheist
943 2328 1155 2402 Tamhnrlon,
1179 2348 1217 2392 er
1232 2329 1385 2414 blasphe-

168 2424 255 2502 ming
268 2424 346 2485 with
360 2425 412 2486 the
429 2425 500 2486 mad
516 2426 614 2507 priest
630 2426 664 2488 es
673 2429 724 2489 the
740 2447 802 2490 sun
818 2425 840 2487 ².
868 2452 880 2480 ι
946 2506 950 2511 .

212 2575 330 2642 illudit
345 2576 432 2643 infra
449 2577 486 2642 in
504 2577 677 2647 fatidicam
703 2584 854 2647 mentem
878 2597 998 2646 eorum
1017 2606 1031 2639 «
1060 2580 1137 2647 who
1157 2584 1210 2648 set
1234 2583 1296 2651 the
1320 2585 1387 2652 end

169 2682 206 2748 os
222 2682 423 2749 scholarism
438 2684 473 2750 in
494 2705 537 2752 an
559 2687 703 2774 English
720 2689 953 2766 blank-verse,
973 2714 988 2746 »
1006 2690 1040 2753 et
1054 2687 1113 2772 qui
1130 2694 1332 2774 arguuntur
1345 2691 1388 2758 ad

170 2795 233 2863 hec
250 2799 400 2862 metrum
413 2795 659 2862 insumendum
682 2795 852 2860 inhabiles
869 2812 956 2860 esse.
979 2795 1110 2860 Greene
1134 2793 1226 2861 inter
1251 2795 1389 2865 fabulas

169 2903 333 2970 carminis
355 2905 456 2970 mode
476 2902 627 2968 inclusas
652 2901 871 2985 peculiariter
895 2901 1140 2967 Tamerlanum
1165 2902 1387 2988 designante,

169 3011 203 3075 et
216 3027 255 3075 ea
270 3009 396 3087 sabula,
418 3029 495 3094 quaa
513 3008 671 3076 versibus
691 3017 759 3073 nen
779 3007 940 3073 similiter
963 3006 1202 3073 desinentibus
1222 3011 1390 3076 mandata

170 3118 232 3196 est,
250 3119 283 3183 et
297 3117 395 3202 cujus
410 3121 539 3195 auctor,
556 3116 751 3194 MarloviuS,
769 3117 896 3182 artium
913 3115 1079 3202 magister
1094 3119 1178 3192 erat,
1200 3114 1391 3202 insigniter

170 3224 285 3291 omnia
314 3224 397 3291 vitia
425 3243 444 3290 a
474 3223 566 3290 Nash
590 3223 703 3289 derisa
730 3222 920 3307 praebente,
950 3239 1019 3287 nen
1047 3220 1193 3286 dubium
1220 3225 1275 3286 est
1304 3223 1390 3308 quin

170 3329 322 3395 Greenus
337 3329 473 3415 proprie
488 3333 521 3394 et
535 3328 718 3412 praecipue,
736 3327 772 3393 in
794 3327 848 3392 his
871 3327 1005 3393 duobus
1030 3326 1169 3406 libellis,
1194 3329 1238 3393 ad
1264 3330 1389 3396 Marle-

170 3435 266 3502 vium
282 3440 421 3520 spectet.
441 3439 578 3522 Paynus
597 3435 763 3501 (lollierus
779 3434 837 3500 ille
859 3434 960 3499 mede
985 3434 1070 3500 duas
1094 3433 1288 3500 sententias
1312 3456 1391 3522 quae

169 3542 256 3607 mihi
271 3547 453 3628 comperta
467 3544 629 3610 videntur
649 3541 850 3607 manifestas
870 3540 960 3606 fecit.
980 3538 1012 3605 l⁰
1032 3539 1231 3620 hlarlevius
1249 3543 1391 3625 primus

169 3648 258 3714 inter
284 3650 499 3715 Britannicos
522 3651 654 3734 poetas,
680 3649 717 3713 in
742 3649 876 3714 theatra
900 3646 1037 3730 publica
1062 3645 1197 3712 fabulas
1225 3649 1391 3715 uersibus

168 3773 236 3821 nen
267 3755 428 3822 similiter
456 3755 694 3822 desinentibus
725 3753 871 3837 scriptas
900 3753 1064 3837 protulit;
1099 3753 1131 3818 ⁶2⁰
1158 3754 1391 3822 Tamerlanus

168 3859 284 3927 sabula
304 3864 388 3928 este
405 3863 517 3946 prima
537 3880 604 3946 qua
624 3880 679 3927 res
700 3859 846 3927 fortunae
867 3859 1053 3926 commissa
1078 3857 1144 3925 suit
1167 3863 1200 3926 et
1224 3879 1391 3948 prospere

169 3968 294 4033 evenit.

213 4076 350 4160 Paynus
365 4072 545 4152 CellieruS,
566 4073 694 4159 pariter
711 4076 743 4139 et
758 4073 897 4158 optime,
916 4072 1020 4139 aliam
1044 4089 1118 4139 rem
1143 4073 1185 4139 ad
1210 4073 1390 4158 liquidum

169 4181 350 4266 perduxit:
368 4199 430 4246 cur
444 4180 534 4246 Nash
556 4180 725 4246 invideret
744 4180 906 4248 llarlevio
930 4183 963 4246 et
981 4179 1140 4246 videlicet
1157 4179 1257 4246 alteri
1279 4186 1392 4265 poetae

169 4287 229 4373 qui
243 4281 409 4374 magister
424 4286 551 4352 artium
567 4284 671 4352 fuerit
681 4290 713 4352 et
725 4287 900 4372 scripserit
910 4287 1078 4363 dramata,
1091 4288 1125 4351 et
1135 4284 1221 4352 forte
1232 4284 1389 4354 fabulam

171 4393 270 4460 hodie
285 4394 426 4460 omnine
444 4394 591 4461 deletam
608 4393 698 4460 inter
714 4412 876 4478 personas
895 4393 994 4478 cujus
1015 4392 1118 4458 fuerit
1138 4392 1283 4477 quidam
1298 4395 1390 4461 Solis

170 4498 346 4579 Sacerdos
358 4503 473 4567 mente
488 4500 669 4567 alienatus.
682 4500 774 4567 Nash
786 4499 1286 4588 cantabrigiensibusAthenis
1297 4502 1388 4568 llar-

201 4691 211 4726 ¹
228 4690 256 4742 ln
273 4689 363 4754 Payne
380 4691 486 4755 Cellier,
500 4691 552 4743 lec.
569 4689 626 4752 eit,
640 4690 693 4741 vel.
707 4690 738 4751 ll,
752 4704 778 4754 p.
793 4689 848 4740 ree.

200 4770 211 4804 ²
227 4770 257 4821 lu
274 4769 363 4834 Payne
379 4771 485 4835 collier,
499 4771 550 4824 lec.
567 4770 624 4834 cit,
638 4770 692 4822 rel.
705 4770 737 4834 ll,
753 4783 781 4841 p.
795 4768 850 4822 lae.
