3120 5474
695 404 856 468 ..16-

170 578 388 665 inquinatum
408 580 481 645 orat
496 576 638 644 modum
656 574 833 662 imponere
852 571 1065 655 tentavisset,
1090 572 1289 643 immodicis
1306 575 1367 643 lau·

168 686 271 752 ilibus
286 687 328 753 ad
344 685 470 752 colum
487 684 637 751 tollendo
651 682 820 769 quasdam
841 680 1027 769 tragoedias
1042 681 1085 748 ad
1100 683 1278 769 exemplar
1291 685 1368 751 vete·

169 812 248 858 rurn
277 791 439 877 scriptus,
474 790 667 877 praesertim
702 788 903 868 cordobae,
936 792 971 855 et
1003 788 1040 854 in
1073 788 1170 868 aula,
1208 789 1369 855 Elisabeth

169 902 347 985 regnante,
375 902 481 977 actas,
512 899 659 984 [repulus
689 900 805 961 tumen
838 913 1030 981 numquam
1063 893 1095 960 ei
1127 914 1293 964 assensus
1316 899 1369 963 est.

170 1006 325 1072 Auribus
348 1006 452 1071 otiam
478 1004 714 1072 multitudinis
733 1004 886 1070 tabulam
906 1002 1211 1083 accommodando,
1229 1003 1369 1089 quidam,

170 1114 206 1177 ut
239 1112 406 1178 llicardus
444 1112 628 1178 Eduardus
670 1110 853 1198 (Ilicbord
883 1096 1078 1196 E'dvuord),
1119 1110 1182 1194 qui
1209 1110 1374 1198 tragoediae

169 1217 332 1284 scurriles
355 1236 476 1283 scenas
500 1216 703 1295 miscebant,
730 1216 767 1281 in
796 1215 945 1303 gratiam
974 1218 1008 1281 et
1035 1213 1191 1282 savorem
1211 1215 1287 1303 eJus
1315 1233 1375 1282 non

168 1330 348 1391 venerunt.
366 1328 528 1392 Attamen
550 1326 689 1393 assidue
711 1325 836 1392 litteris
859 1324 986 1392 eruditi
1011 1323 1228 1410 scripserunt
1254 1321 1376 1389 tabulas

169 1431 259 1509 illae,
276 1451 424 1517 quarum
440 1450 607 1498 numerus
629 1437 662 1498 et
680 1432 826 1517 pondus,
846 1430 1007 1516 quamvis
1030 1430 1184 1496 multum
1207 1430 1375 1507 sudarent,

168 1538 331 1605 continuo
347 1538 522 1605 deminuta
540 1537 691 1605 suerunt.
710 1538 861 1623 Populus
877 1536 1067 1623 majoribus
1083 1536 1258 1603 illecebris
1272 1536 1378 1603 trahe·

169 1644 271 1711 batur
295 1646 337 1711 ad
363 1663 481 1711 recens
504 1643 700 1713 tabularum
725 1663 851 1731 genus,
878 1647 953 1722 aut,
980 1647 1019 1709 ut
1045 1643 1162 1710 verius
1187 1643 1315 1723 dicam,
1341 1643 1380 1709 ad

169 1770 269 1836 opera
294 1752 452 1818 ineboata
478 1771 517 1818 ac
542 1751 640 1818 rudia
664 1752 792 1837 quibus
813 1752 933 1818 drama
958 1768 1086 1817 novum
1111 1752 1302 1828 tentatum,
1328 1750 1382 1817 sed

168 1875 237 1924 non
274 1857 436 1924 ellectum
474 1862 559 1925 erat.
599 1858 633 1924 Si
671 1858 857 1944 diligenter
894 1876 968 1924 rem
1003 1856 1219 1942 inspexeriS,
1260 1874 1384 1925 novum

168 1964 289 2031 drama
318 1964 473 2031 nondum
506 1983 584 2031 vere
612 1968 771 2031 constare
800 1982 981 2051 agnosoeS,
1012 1963 1211 2031 rudimenta
1248 1964 1386 2031 enims

167 2071 294 2157 quibus
323 2076 438 2138 ortum
463 2075 515 2138 est
540 2071 677 2154 sabulae,
703 2090 767 2140 nec
794 2070 964 2157 periectae,
988 2088 1050 2138 nec
1073 2071 1180 2138 etiam
1205 2071 1388 2139 laudanda

168 2182 281 2246 erant.

213 2286 282 2351 Has
301 2288 418 2352 tamen
438 2285 498 2371 qui
520 2285 733 2366 scribebant,
760 2285 900 2372 ingenio
920 2304 982 2352 suo
1004 2284 1119 2352 frenos
1143 2286 1322 2355 laxabant.
1344 2287 1391 2354 Re

168 2393 284 2457 autem
297 2391 383 2478 ipsa,
398 2394 489 2477 quod
497 2391 628 2479 judicio
639 2392 740 2459 firmo
751 2392 990 2478 subtiliqueab
1000 2391 1139 2458 insidiis
1150 2392 1392 2462 immoderatas

169 2499 317 2565 licentiae
328 2517 396 2566 non
411 2499 688 2580 vindicabantur,
705 2500 747 2567 de
762 2500 817 2567 via
832 2503 923 2567 recta
938 2499 1132 2567 necessario
1147 2499 1390 2581 deflectebant,

169 2607 203 2670 et
217 2606 432 2691 propositum
448 2624 563 2683 suum,
585 2625 605 2672 a
623 2607 833 2693 quibusdam
849 2612 978 2687 tamen,
1000 2610 1038 2674 ut
1052 2606 1207 2687 videtur,
1227 2606 1393 2676 distincte

169 2715 380 2796 perpectum,
393 2729 462 2778 non
473 2713 757 2797 assequebantur.
774 2713 934 2797 Plerique
949 2711 1002 2779 vel
1017 2712 1196 2798 mysteria,
1213 2714 1270 2780 vel
1286 2715 1393 2781 mira-

169 2816 247 2884 cula
266 2817 304 2882 in
319 2819 516 2902 exemplum
532 2821 797 2904 assumpserunt
812 2824 845 2885 et
859 2818 1018 2905 vestigiis
1037 2837 1158 2885 eorum
1177 2820 1238 2904 qui
1256 2820 1395 2889 fabulas

170 2942 285 2990 sacras
300 2925 550 3009 componebant
569 2924 755 3012 diligenter
770 2924 982 2991 institerunt.
1000 2927 1066 2991 Pro
1083 2925 1194 2993 nihilo
1219 2927 1397 2996 ducebant

169 3029 391 3116 disciplinam
410 3049 488 3115 quae
503 3030 611 3097 trium
626 3032 800 3098 unitatum
816 3032 936 3119 regula
953 3031 1166 3112 nominatur,
1185 3033 1258 3100 imo
1275 3036 1396 3103 omnia

168 3159 279 3228 grecae
310 3141 505 3226 latinaequae
538 3160 650 3209 scenae
688 3145 869 3228 praecepta.
905 3144 1114 3210 Eventorum
1147 3142 1395 3228 nodosumque

169 3266 315 3315 numero
330 3252 464 3315 tanturn
485 3249 738 3316 incrementum
759 3249 949 3315 atterebant
972 3252 1011 3316 ut
1034 3267 1090 3315 res
1117 3266 1196 3334 quae
1219 3249 1396 3335 agebatur

169 3354 205 3420 in
221 3374 321 3423 scena
341 3356 487 3422 obscura
507 3356 774 3440 perturbataque
800 3355 988 3436 videretur,
1014 3359 1048 3421 et
1072 3356 1214 3423 dumeto
1240 3354 1395 3441 inexpli-

168 3462 270 3527 cabili
287 3463 425 3528 similis.
445 3463 514 3528 Nec
533 3462 730 3549 argumenti
755 3463 1005 3529 conservabant
1028 3461 1199 3540 ordinem,
1222 3479 1290 3529 nec
1311 3481 1396 3530 cum

167 3568 291 3653 primis
309 3569 467 3654 partibus
492 3569 633 3634 ultimas
657 3571 735 3653 apte
762 3567 1028 3656 conjungebant.
1055 3569 1120 3634 Per
1138 3566 1259 3634 orbem
1280 3575 1396 3637 terra-

168 3692 247 3740 rum
275 3676 309 3739 et
333 3692 394 3759 per
417 3675 541 3741 saecula
561 3675 853 3742 circumferebant
878 3675 1107 3760 spectantium
1131 3674 1283 3742 animos.
1313 3678 1397 3744 Per-

171 3798 264 3846 sonae
278 3781 450 3864 quaedam,
463 3799 540 3866 quae
554 3779 679 3847 fabulae
690 3781 791 3849 initio
806 3781 955 3848 infantes
970 3788 1069 3848 erant
1078 3781 1207 3849 nutrici
1223 3771 1393 3871 delegati,

170 3905 270 3952 senes
285 3888 506 3972 apparebant,
524 3905 633 3971 quum
648 3889 845 3974 argumenti
868 3888 980 3954 exitus
1005 3888 1216 3954 immineret.
1233 3889 1397 3976 Tragicis

169 3992 328 4060 scurrilia
347 3993 594 4071 miscebantur,
626 3994 718 4060 veris
744 3994 944 4060 hominibus
968 4013 1066 4061 vanae
1094 3994 1279 4080 imagines,
1311 4016 1395 4080 pro-

168 4098 249 4165 tana
277 4099 398 4181 sacris,
425 4100 671 4184 mundanaque
696 4103 833 4167 narrata
861 4100 992 4167 eventis
1014 4120 1032 4166 e
1054 4100 1256 4167 christianis
1280 4120 1395 4170 anna-

101 4240 104 4245 .
168 4203 260 4272 libus
275 4205 455 4292 excerptis.
473 4205 640 4290 Denique,
659 4206 718 4291 qui
728 4207 849 4273 drama
861 4207 1207 4288 novumscribebant,
1220 4213 1404 4293 perpetuo,

168 4308 312 4379 licenter
335 4313 494 4400 agebant,
521 4313 554 4377 et
577 4312 730 4399 fingendi
752 4312 857 4392 avidi,
880 4313 996 4380 animo
1012 4316 1084 4379 tam
1101 4313 1168 4379 levi
1195 4314 1392 4401 mobilique

169 4422 278 4497 erant,
299 4421 335 4486 ut
350 4419 532 4507 ingenium
553 4438 655 4486 suum
681 4437 750 4486 non
769 4419 946 4498 ducerent,
969 4421 1029 4487 sed
1052 4420 1177 4487 ducem
1203 4421 1389 4490 haberent.

170 4524 281 4605 Quum
301 4528 427 4593 Poesis
441 4525 697 4611 Defensiouem
713 4525 890 4612 (Apoloqy
905 4526 948 4612 of
956 4524 1121 4612 Poetrp),
1143 4527 1267 4592 litteris
1285 4546 1390 4596 man-

169 4630 275 4712 davit,
297 4633 477 4718 Philippus
501 4633 661 4699 Sidneius
685 4631 766 4699 vitia
790 4632 850 4698 illa
874 4632 1005 4699 notavit
1027 4633 1237 4718 derisitque,
1263 4653 1391 4703 verum

169 4756 239 4807 non
262 4740 456 4829 castigavit,
487 4740 616 4808 etenim
646 4758 755 4826 quum
780 4741 989 4828 spectantes,
1013 4742 1089 4806 tum
1112 4739 1138 4807 ii
1163 4740 1224 4827 qui
1250 4740 1390 4811 fabulas

1396 446 1432 507 'e

1427 518 1432 537 .

1425 538 1428 545 ι

1425 570 1430 583 ¹l

1428 646 1432 655 ι
