3120 5474
808 423 947 489 ..4-

268 597 496 675 sustinebant,
515 596 787 682 frequentissimi
804 599 913 676 erant,
936 600 968 664 et
990 596 1142 664 lahorem
1163 595 1384 662 insumebant
1400 594 1488 661 insi-

267 722 371 791 gnem
405 704 504 770 ludos
530 707 644 771 tantos
674 703 858 790 magnifice
893 707 927 771 et
962 706 1162 787 sumptuose
1204 703 1351 788 agendo.
1394 702 1487 783 Qua-

266 813 406 895 propter
433 829 560 897 magna
588 811 776 878 multitudo
805 811 987 877 hominum
1020 809 1062 875 ad
1101 808 1293 893 spectacula
1330 809 1489 893 undique

266 917 504 983 concurrebat.

310 1023 373 1104 Qui
390 1042 469 1089 vero
480 1024 612 1091 theatin
623 1025 806 1103 ducebant,
820 1026 998 1109 propterea
1010 1021 1101 1105 (ruod
1113 1022 1256 1087 modum
1267 1024 1491 1088 excesserant

265 1147 417 1213 aequum,
435 1130 470 1195 in
486 1148 631 1217 magnas
647 1132 800 1197 salebras
820 1131 1027 1206 inciderunt,
1050 1132 1083 1194 et
1099 1128 1219 1194 multis
1237 1128 1394 1213 impediti
1412 1127 1489 1194 fue-

265 1242 348 1302 runt
377 1237 479 1303 rebus
515 1239 692 1323 oppositis.
729 1239 846 1305 Tantis
884 1238 1035 1322 impares
1074 1235 1289 1320 sumptibus,
1330 1235 1491 1319 pecuniae

265 1345 421 1427 expertes
447 1343 597 1424 luerunt,
625 1349 658 1411 et
683 1364 751 1412 non
778 1346 894 1412 minus
917 1345 991 1410 dies
1019 1343 1061 1408 iis
1086 1342 1220 1409 defecit.
1244 1342 1358 1423 Quum
1382 1342 1490 1407 ardor

266 1450 431 1528 consedit,
450 1451 602 1517 laborem
619 1452 723 1518 etiam
739 1452 853 1540 magis
870 1452 1114 1518 recusaverunt
1132 1468 1236 1534 quam
1252 1448 1487 1532 impendium,

265 1557 300 1621 et
316 1559 496 1641 postquam
515 1558 581 1624 alia
599 1562 672 1625 orta
691 1562 772 1626 sunt
788 1560 1017 1637 incommoda,
1039 1556 1225 1641 dequibus
1244 1555 1332 1621 infra
1352 1555 1486 1633 dicam,

265 1664 410 1728 etantis
435 1666 468 1729 et
492 1664 637 1732 infinitis
663 1666 866 1751 dispendiis
893 1666 935 1733 ad
960 1665 1110 1730 rationes
1135 1663 1360 1729 modestiores
1385 1668 1419 1728 et
1441 1663 1488 1728 ad

265 1769 407 1834 consilia
424 1769 542 1836 minus
558 1771 784 1839 immoderata
801 1772 1065 1839 descenderunt.
1076 1771 1163 1836 Istas
1179 1769 1337 1856 ingentes
1348 1767 1489 1835 tabulas
1546 1806 1550 1812 ·

264 1874 459 1941 diviserunt
480 1876 516 1941 in
536 1882 662 1960 partes.
685 1881 735 1944 Ex
756 1879 917 1964 operibus
935 1898 1015 1964 qua>
1034 1877 1199 1943 carminis
1220 1875 1348 1942 heroici
1369 1877 1489 1962 magis

265 1980 395 2046 similia
410 1984 490 2048 sunt
504 2001 610 2067 quam
625 1983 668 2050 ad
679 2002 817 2049 scenam
829 1987 906 2069 apta
923 1985 1167 2068 excerpserunt
1181 1981 1323 2047 tabellas
1339 1981 1490 2049 modum

264 2089 421 2153 tenentes
436 2107 587 2172 aequum,
607 2092 640 2154 et
656 2108 761 2156 unam
777 2093 810 2156 et
830 2090 989 2177 exiguam
1012 2092 1153 2176 agentes
1173 2089 1253 2154 libri
1274 2088 1385 2154 sancti
1407 2108 1490 2174 par-

264 2196 348 2274 tem,
364 2195 449 2278 quin
469 2195 573 2261 etiam
593 2214 703 2261 unum
719 2197 892 2262 eventum.
912 2196 993 2262 Viae
1007 2212 1118 2274 versa,
1139 2195 1177 2258 ut
1196 2193 1294 2259 novis
1309 2192 1490 2260 illecebris

264 2300 404 2367 videndi
421 2301 576 2368 studium
596 2301 790 2381 incitarent,
808 2302 969 2369 derebus
987 2302 1150 2367 dixerunt
1170 2300 1334 2378 liberius;
1357 2301 1488 2384 quaesi-

214 2451 220 2463 .
263 2409 388 2472 verunt
413 2407 518 2472 etiam
546 2410 752 2493 argumenta
777 2409 813 2474 in
839 2409 946 2475 sacris
975 2407 1130 2474 historiis
1158 2425 1236 2491 quae
1267 2407 1489 2492 temporibus

263 2512 334 2577 illis
349 2512 466 2596 populi
478 2513 654 2578 memoriae
670 2532 688 2579 a
703 2513 894 2600 majoribus
910 2512 1133 2580 celeberrime
1144 2513 1316 2579 mandatae
1330 2511 1486 2580 fuerant.

263 2618 301 2682 ln
322 2636 461 2684 scenam
476 2619 674 2686 detulerunt
689 2620 846 2707 prodigia
867 2623 950 2687 tunc
968 2640 987 2687 a
1008 2622 1076 2686 Deo
1096 2619 1228 2699 effecta,
1255 2618 1308 2685 vel
1333 2618 1487 2687 interce-

262 2724 364 2789 dente
379 2726 484 2791 llaria
495 2725 638 2811 Virgine
652 2726 845 2811 impetrata.
859 2727 967 2794 Evita
981 2730 1180 2793 sanctorum
1191 2725 1487 2794 excellentissima

263 2849 409 2915 qumque
433 2832 585 2897 libarunt
609 2836 643 2899 et
665 2835 911 2912 tractaverunt,
941 2836 981 2901 ut
1007 2833 1174 2919 populum
1201 2835 1300 2919 grata
1328 2833 1485 2902 novitate

262 2940 491 3003 morarentur.
507 2938 712 3005 Novissima*
732 2939 868 3019 tabulae,
885 2941 1012 3025 quibus
1033 2940 1238 3007 lliraculum
1253 2957 1392 3018 nomen,
1409 2958 1483 3007 non

262 3061 351 3128 saepe
371 3044 592 3129 reperiuntur
607 3047 718 3131 prima
735 3066 846 3114 scenae
867 3066 974 3115 sacrae
997 3047 1216 3130 secundaque
1233 3049 1344 3113 aetate.
1363 3047 1483 3114 Tertia

262 3154 390 3230 autem,
412 3151 529 3235 plures
554 3153 647 3219 brevi
673 3153 746 3220 fieri
767 3156 956 3239 coeperunt,
984 3157 1017 3220 et
1040 3153 1189 3220 rariores
1212 3153 1384 3239 llysteriis
1409 3154 1483 3239 pri-

260 3276 371 3337 mum,
393 3258 518 3325 deinde
538 3278 683 3326 numero
702 3262 939 3345 praevalentes
966 3260 1138 3347 gradatim
1159 3260 1197 3325 in
1219 3278 1339 3326 eorum
1361 3258 1481 3328 locum

260 3362 423 3448 subjectae
457 3364 609 3432 luerunt.
639 3367 847 3453 Scriptores,
878 3385 988 3451 quum
1017 3365 1080 3433 has
1108 3365 1243 3433 tabulas
1271 3366 1476 3447 scriberent,

259 3472 365 3536 tantis
389 3489 458 3537 non
482 3473 788 3559 adstringebantur
811 3474 959 3541 vinculis
986 3476 1020 3539 et
1045 3473 1087 3540 de
1113 3472 1238 3539 harum
1260 3474 1480 3561 argumentis

258 3575 423 3643 libentius
438 3577 609 3644 dicebant.

302 3682 636 3767 Antiquissimarum
653 3684 862 3764 fabularum,
879 3704 987 3769 quum
1004 3685 1258 3771 llysteriorum,
1277 3689 1352 3753 tum
1371 3686 1477 3755 llira-

258 3788 428 3867 culorum,
446 3791 612 3856 memoria
635 3809 704 3857 non
723 3791 827 3858 altius
846 3811 951 3875 quam
971 3811 990 3856 a
1013 3791 1216 3859 duodecimo
1237 3793 1361 3859 saeculo
1381 3796 1419 3860 P.
1436 3796 1475 3862 G.

257 3897 298 3961 N.
316 3897 483 3980 repetitur
496 3899 586 3982 apud
602 3898 798 3966 Britannos.
815 3900 974 3965 llatthaeo
995 3899 1117 3964 Paride
1133 3900 1312 3985 (1131111311
1331 3901 1474 3988 Petris),

257 4006 359 4080 teste,
390 4005 600 4072 miraculum
634 4005 727 4089 quod
754 4005 957 4072 inscribitur
990 4005 1122 4072 Sanctae
1152 4006 1344 4073 Catharinae
1377 4007 1473 4090 Vita,

257 4114 372 4176 actum
395 4110 461 4177 fuit
488 4111 731 4178 Dunestabulae
753 4109 999 4199 (Dunstoble),
1025 4111 1115 4178 circa
1137 4112 1362 4177 millesimum
1393 4130 1475 4179 cen-

256 4217 420 4284 tesimum
449 4219 487 4282 P.
518 4219 553 4284 C.
581 4220 621 4284 N.
650 4220 821 4283 annum1.
851 4218 928 4284 Jam
953 4217 1074 4296 etiam,
1097 4218 1150 4283 hae
1174 4216 1298 4283 tabulae
1318 4218 1474 4285 multifa-

256 4322 344 4388 riam
361 4328 395 4389 et
418 4341 570 4407 persaepe
592 4323 819 4401 docebantur,
841 4323 969 4388 etenim
992 4341 1011 4388 a
1033 4323 1183 4407 quodam
1208 4323 1473 4408 Fitz-Stephano

257 4427 560 4518 (Fila-Stephon),
578 4429 636 4515 qui
658 4429 860 4497 duodecimo
880 4432 917 4495 Ρ.
940 4431 974 4496 C.
996 4432 1036 4496 N.
1060 4431 1184 4497 saeculo
1208 4431 1358 4515 scripsit,
1376 4450 1472 4499 eom-

287 4691 691 4755 Ι11133133133.311.,331.11,
709 4706 735 4756 p.
755 4690 794 4743 23.
816 4718 848 4728 -
867 4691 957 4755 Payne
981 4690 1088 4755 Collier,
1110 4691 1157 4744 the
1179 4691 1288 4758 history
1309 4692 1338 4745 oi
1357 4693 1471 4760 English

253 4773 392 4829 Dramatic
405 4774 513 4840 Poetry,
528 4773 649 4836 London,
663 4771 693 4825 G.
708 4771 773 4836 Bell,
788 4771 857 4835 1879,
872 4772 926 4824 vol.
939 4772 969 4832 ll,
983 4787 1011 4838 p.
1025 4771 1064 4823 56.
