3150 5476
67 99 130 164 rat.
148 99 194 164 113
210 100 263 164 331
277 117 355 183 pars
371 99 537 165 dramatis
555 101 695 167 comica.
715 100 870 167 Urbanos
888 103 921 166 et
937 117 1121 187 generosos
1136 98 1276 166 offendit

67 205 223 285 animos3
255 205 384 272 intimae
410 210 525 272 autem
553 207 792 274 Londiniensis
820 207 1055 274 multitudinis
1083 207 1119 272 in
1143 205 1276 273 deliciis

68 314 150 377 erat.
168 313 231 378 His
248 312 372 379 fabulae
387 315 554 398 partibus,
572 314 647 380 sine
661 314 778 395 dubio,
798 314 924 380 scenici
939 315 1157 381 intexuerant
1180 333 1274 380 scur-
1355 362 1358 367 -

67 418 146 484 riles
162 438 283 487 scenas
302 439 320 486 a
340 421 552 508 typographo
567 421 694 487 recisas
713 425 746 487 et
764 421 890 507 quibus
906 420 1096 488 verisimile
1111 423 1163 487 est
1177 420 1275 488 saevi-

67 526 130 593 tias
145 527 224 592 11133
242 527 426 594 atrociores
438 531 475 612 bt
488 528 659 613 turpiores
675 527 780 594 lactas
795 528 912 594 luisse.

109 633 235 714 Quinto
252 639 330 700 actu
346 631 496 713 ineunte,
519 637 706 702 Damascus
730 635 921 720 praelectus
945 635 1142 702 Tamerlani
1168 636 1276 721 copiis

66 739 369 818 circumvallatus,
399 747 546 827 quatuor
575 743 681 808 mittit
704 743 857 829 virgines
881 760 986 807 manu
1009 743 1144 808 laureos
1162 761 1276 808 ramos

65 849 238 928 tenenteS,
261 853 294 914 et
313 849 404 914 inter
422 850 673 934 pulcherrimas
688 850 824 927 electas,
842 853 879 914 ut
895 849 936 914 ad
952 849 1062 915 hostis
1079 848 1275 916 misericor·

65 954 159 1020 diam
183 954 400 1042 confugiant.⁴
416 956 640 1022 Tamerlanus
664 960 739 1022 tum
759 954 967 1040 supervenit.
994 955 1146 1021 Funebri
1172 956 1275 1022 vesti-

65 1063 182 1127 mento
197 1061 340 1127 indutus
359 1065 423 1141 est,
448 1065 483 1128 31
506 1081 652 1130 moerore
675 1062 877 1149 profligatus
904 1060 1005 1148 (very
1028 1061 1274 1150 melancholp)

64 1167 214 1233 videtur.
232 1170 299 1234 Nec
317 1169 471 1256 AEgyptii
488 1169 705 1254 imperatoris
720 1168 927 1236 exercitibus
952 1168 1083 1246 cedere,
1100 1186 1164 1235 nec
1177 1187 1276 1235 man-

65 1273 144 1339 data
168 1293 247 1360 quae
271 1279 367 1358 putat
390 1294 408 1340 a
433 1276 506 1342 Diis
526 1275 623 1361 jussa
648 1295 807 1342 recusare
825 1275 957 1353 volens,
983 1275 1149 1362 lugubres
1164 1276 1276 1342 induit

63 1383 176 1447 vestes
192 1386 229 1448 ut
243 1381 298 1447 his
311 1382 460 1450 declaret
470 1385 637 1468 quantum
654 1383 684 1449 31
700 1384 812 1450 doleat
826 1383 917 1469 quod
932 1382 1085 1467 pulchrae
1099 1383 1275 1450 Zenocrati

64 1488 264 1554 maestitiam
293 1488 428 1555 inierat.
460 1490 737 1568 Pudentissimus
767 1493 800 1556 et
834 1489 1091 1556 urbanissimus
1119 1490 1275 1574 equitum

63 1613 212 1681 quorum
226 1599 322 1682 gesta
338 1597 589 1664 commenticiis
609 1596 735 1664 fabulis
751 1597 865 1664 medio
879 1615 950 1664 aevo
968 1600 1106 1664 narrata
1121 1595 1273 1676 fuerunt,

62 1701 208 1770 Amadis
241 1704 332 1789 ipse,
369 1704 500 1771 artibus
534 1704 773 1772 subtilioribus
805 1707 838 1771 31
868 1702 1152 1790 exquisitionibus
1184 1707 1275 1771 certe

63 1814 212 1876 secretos
226 1809 336 1876 animi
350 1811 404 1878 sui
425 1830 547 1879 sensus
561 1811 713 1897 proferre
728 1830 797 1880 non
812 1811 991 1898 potuisset.

107 1918 292 1984 Damascas
308 1918 474 2005 virgines,
491 1937 569 2006 quae
583 1919 613 1986 31
633 1919 742 1986 obviae
761 1920 916 2000 veniunt,
934 1917 1161 2005 conspiciens,
1181 1916 1275 1984 dolo-

62 2040 136 2091 rem
152 2043 256 2092 suum
275 2025 437 2094 declarat.

65 2189 177 2254 Tamb.
190 2191 300 2270 What,
318 2192 474 2254 exclamat
487 2192 550 2270 ille,
568 2212 623 2254 are
638 2192 690 2254 the
704 2192 816 2254 turtles
832 2189 939 2272 lrayed
961 2198 1016 2254 out
1029 2187 1063 2252 of
1073 2189 1156 2254 their
1171 2189 1276 2252 nestsi

62 2289 152 2367 Aias,
170 2308 249 2371 poor
263 2289 362 2352 fools!
381 2300 467 2352 must
481 2309 542 2370 you
556 2290 594 2352 be
608 2292 678 2352 first
694 2291 775 2352 shall
790 2289 848 2352 1331

61 2388 129 2451 The
147 2407 257 2450 sworn
272 2388 466 2452 destruction
480 2389 514 2451 ο1
525 2390 703 2452 Damascus
718 2389 833 2451 walls?
847 2387 868 2449 ¹.

106 2562 150 2627 Et
165 2559 335 2627 obstinate
358 2578 476 2646 preces
500 2563 533 2628 31
557 2560 809 2628 obsecrationes
824 2561 1072 2632 Damascarum
1096 2557 1273 2648 virginum

59 2668 260 2753 repudians,
277 2686 335 2736 eas
350 2667 515 2736 trucidari
531 2667 642 2754 jubet.

104 2775 237 2842 Deinde
257 2775 299 2843 ad
315 2776 422 2842 animi
443 2777 496 2844 sui
511 2777 684 2843 cruciatus
698 2777 848 2855 rediens,
873 2793 1026 2843 amorem
1042 2777 1076 2842 et
1089 2792 1274 2842 moerorem

61 2901 166 2949 suum
183 2883 285 2970 longo
300 2883 446 2950 effundit
462 2884 654 2970 soliloquio,
674 2885 765 2969 quod
784 2883 913 2950 inflatis
928 2883 1145 2971 turgidisque
1159 2881 1274 2949 verbis

59 2992 94 3057 et
121 2989 412 3057 similitudinibus
438 3010 456 3057 e
480 2992 595 3058 Graeca
622 2990 736 3058 fabula
762 2991 911 3076 sumptis
933 2990 1087 3057 abundat
1114 2992 1146 3056 31
1175 2988 1274 3074 cujus

61 3096 233 3182 scriptura
248 3095 357 3164 fertur
381 3117 400 3164 a
424 3099 647 3186 typographis
660 3098 759 3166 valde
773 3102 934 3184 corrupta
949 3097 1069 3165 fuisse.
1086 3099 1274 3164 Damascus

61 3207 179 3270 tamen
203 3209 397 3292 expugnata
413 3209 476 3272 est.
493 3205 701 3291 Accipiendo
716 3205 880 3273 nuntium
901 3205 962 3284 rei,
984 3224 1051 3292 qua
1071 3223 1131 3291 spe
1150 3203 1274 3270 ultima

59 3309 234 3396 dejicitur,
265 3311 444 3397 Bajazetus
472 3313 508 3378 in
532 3311 660 3378 ferreos
685 3330 796 3379 caveae
818 3331 890 3379 suae
912 3312 1081 3380 cancellos
1104 3311 1273 3396 impetum

59 3417 154 3496 facit,
177 3420 211 3484 31
231 3423 334 3503 caput
360 3437 462 3485 suum
486 3419 594 3486 elidit.
619 3419 758 3497 Zabina,
774 3438 879 3506 quam
900 3418 1079 3504 Bajazetus
1098 3437 1116 3485 a
1141 3436 1176 3484 se
1195 3417 1274 3483 dolo

58 3528 269 3602 removerat,
302 3525 477 3592 redeundo
510 3545 588 3592 eum
618 3525 837 3593 intersectum
864 3525 1013 3604 invenit,
1043 3529 1077 3591 31
1101 3523 1272 3609 seipsam

59 3632 181 3698 eodem
200 3631 302 3698 modo
316 3632 453 3700 occidit.
471 3633 626 3699 Posthaec
648 3635 849 3699 Zenocrates
870 3633 906 3699 in
920 3633 1092 3718 pulpitum
1113 3631 1226 3717 prodit
1240 3632 1273 3697 31

59 3738 214 3825 graviter
228 3738 342 3805 ferens
361 3740 607 3806 Tamerlanum
631 3740 739 3806 armis
758 3759 839 3807 cum
855 3742 953 3826 patre
972 3759 1034 3806 suo
1053 3738 1269 3816 contendere,

59 3844 172 3910 vicem
199 3863 298 3910 suam
318 3845 424 3912 dolet.
452 3846 676 3913 Tamerlanus
701 3849 816 3914 autem
841 3865 988 3933 sponsus
1013 3846 1065 3911 est
1088 3843 1273 3911 humanior

59 3969 165 4037 quam
183 3954 221 4017 ut
235 3951 385 4035 patiatur
398 3970 475 4018 eam
490 3952 621 4019 diutius
637 3953 886 4038 desperationis
900 3953 1054 4040 praedam
1069 3969 1155 4017 3333.
1174 3949 1272 4017 Modo

61 4057 271 4144 supervenit,
288 4059 492 4146 AEgyptium
513 4059 758 4146 imperatorem
780 4061 956 4130 adducens
980 4058 1179 4153 captivum:
1211 4055 1271 4130 sed

93 4305 104 4343 ¹
124 4302 172 4358 Ed.
183 4303 286 4370 bullen,
301 4305 354 4358 vol.
367 4306 387 4370 1,
398 4319 442 4379 pp.
456 4304 537 4367 titl-
548 4332 579 4346 -
589 4306 648 4367 Act.
663 4306 697 4368 V,
712 4306 754 4360 Sc.
769 4307 791 4364 1.
