3120 5474
833 392 1010 459 -218-

365 568 529 653 Quamvis
542 567 675 637 litteras
690 564 802 635 solum
821 584 881 634 sex
897 582 1006 634 annos
1025 566 1181 648 coluerit,
1203 567 1389 636 Marlovius
1408 569 1503 637 tamen

321 676 412 745 inter
427 675 577 761 aequales
592 693 672 742 suos
690 675 821 743 celsum
844 676 878 741 et
900 675 1102 759 praeclarum
1128 674 1239 742 tenuit
1260 676 1388 743 locum.
1411 677 1456 744 lin
1474 694 1505 744 33
1557 720 1559 745 ;

320 768 509 852 13333333
531 781 743 869 sapientibus
758 781 925 849 deductus
940 779 1004 849 fuit
1020 779 1211 868 judicibus,
1235 782 1316 850 licet
1338 800 1439 869 opera
1457 802 1506 851 sua

320 889 555 959 deformentur
571 888 736 978 gravibus
751 887 910 969 maculis,
932 905 1018 972 quas
1036 889 1199 956 oaeterum
1218 889 1388 974 paulatim
1410 907 1506 957 emen·

320 996 447 1076 desset,
463 1012 571 1082 quum
585 999 684 1063 aetate
698 998 732 1063 et
752 1014 816 1064 usu
842 1012 957 1063 rerum
978 994 1159 1082 ingenium
1184 1013 1290 1063 suum
1316 997 1508 1066 maturatum

320 1106 355 1171 et
371 1105 600 1189 temperatum
614 1101 747 1171 fuisset.

364 1209 546 1295 Proprium
567 1209 631 1277 boo
649 1212 702 1276 331
724 1207 891 1289 Marlovii,
917 1208 951 1276 et
973 1226 1047 1275 rem
1065 1225 1284 1277 communem
1310 1209 1430 1279 babuit
1446 1228 1511 1279 cun

321 1316 553 1403 Shakespearo
567 1315 623 1384 oui
643 1316 785 1404 largiter
799 1315 889 1383 viam
904 1315 1034 1401 pandit,
1050 1316 1122 1383 vim
1137 1334 1254 1384 rerum
1270 1321 1386 1385 mente
1399 1317 1512 1406 fingen

320 1424 444 1492 darum
466 1423 675 1510 praecipuam
699 1420 807 1490 fuisse
828 1421 960 1511 ingenii
984 1422 1038 1490 sui
1061 1423 1241 1505 virtutem,
1267 1427 1301 1492 et
1328 1426 1423 1493 tanto
1441 1423 1512 1493 31133

320 1548 512 1617 superasse,
534 1534 572 1598 ut
590 1547 632 1597 ex
657 1547 697 1597 ea
719 1531 861 1597 manent
883 1532 1006 1599 cuncta
1027 1529 1154 1616 quibus
1168 1549 1269 1616 opera
1293 1549 1356 1599 sua
1376 1529 1514 1621 insignia

320 1643 413 1720 sunt,
429 1637 512 1705 vitia
527 1636 656 1723 pariter
669 1655 709 1704 ac
726 1636 834 1704 dotes
859 1636 934 1702 Non
957 1636 1070 1704 solum
1092 1640 1215 1704 natura
1238 1637 1374 1705 valebat
1397 1637 1434 1705 in
1454 1637 1515 1705 arlo

319 1742 505 1833 effingendi
532 1742 826 1830 componendique
853 1744 972 1810 eventa
999 1760 1077 1828 quae
1107 1742 1144 1810 in
1168 1761 1307 1811 scenam
1329 1743 1514 1813 inducebat.

319 1853 462 1937 Insuper
488 1849 524 1918 in
553 1868 592 1917 eo
619 1848 685 1918 fuit
710 1848 763 1916 vis
786 1850 953 1935 praestans
981 1849 1146 1919 induendi
1175 1850 1279 1918 rebus
1307 1854 1341 1918 et
1372 1851 1518 1938 personis

319 1956 467 2044 speciem
483 1957 526 2026 ad
541 1958 733 2044 spectantes
747 1955 935 2023 movendos
949 1955 1178 2041 aptissimam.
1195 1956 1328 2038 Quibus
1341 1957 1517 2027 virtutibus

314 2063 388 2152 jam
419 2063 556 2132 eximiis
578 2066 612 2130 31
637 2062 781 2130 maximi
809 2063 976 2130 momenti
1002 2065 1035 2130 31
1062 2063 1223 2149 ponderis
1248 2064 1279 2131 ei
1305 2063 1366 2152 qui
1395 2063 1519 2133 fabulas

318 2172 426 2251 docet,
446 2170 622 2257 conjunxit
645 2187 801 2238 summas
823 2169 921 2257 lyrici
944 2171 1052 2256 poetae
1074 2170 1196 2238 dotes:
1219 2171 1378 2240 animum
1405 2171 1520 2259 spiritu

318 2278 435 2346 divino
460 2281 605 2356 tactum,
632 2281 667 2344 31
685 2276 777 2344 hunc
798 2294 992 2343 sermonem
1013 2276 1170 2345 vividum
1193 2280 1227 2345 et
1250 2278 1432 2347 sententiis
1454 2295 1520 2349 ere-

318 2385 433 2463 brum,
455 2383 634 2470 proprium
653 2383 684 2449 ei
708 2383 767 2468 qui
786 2401 855 2450 non
874 2384 986 2450 solum
1010 2402 1065 2451 res
1089 2385 1233 2473 cogitat,
1260 2385 1320 2454 sed
1344 2386 1450 2454 etiam
1471 2403 1522 2453 res

319 2492 486 2578 cogitatas
501 2490 617 2558 animo
643 2490 710 2557 sibi
735 2493 828 2558 tanto
852 2509 932 2558 cum
956 2489 1087 2559 fervore
1110 2491 1223 2580 fingit,
1246 2495 1285 2559 ut
1308 2495 1391 2560 ante
1412 2492 1522 2560 oculos

319 2616 399 2666 suos
418 2597 548 2664 versari
562 2597 755 2666 videantur.
776 2597 963 2673 Marlovius
982 2598 1090 2686 igitur
1108 2617 1187 2666 curn
1208 2598 1350 2688 ingenio
1367 2597 1522 2680 fecundo,

317 2703 420 2770 rebus
434 2703 652 2772 inveniendis
667 2706 778 2786 acuto,
800 2705 973 2791 copulavit
988 2706 1165 2786 virtutem,
1181 2724 1277 2792 aeque
1291 2708 1522 2792 praestantem,

317 2810 461 2877 ornandi
488 2828 544 2877 res
570 2811 729 2880 inventas
748 2812 861 2898 specie
884 2811 1035 2898 jucunda
1059 2813 1298 2898 coloribusque
1322 2813 1524 2900 splendidis.

318 2917 379 2985 Illa
399 2916 506 2984 animi
528 2917 695 3001 ubertate,
723 2917 907 2987 fervidiore
930 2938 1034 3005 quam
1059 2923 1097 2987 ut
1119 2937 1255 3006 semper
1277 2921 1470 3006 composita
1496 2924 1528 2988 31

317 3023 473 3091 ordinata
492 3023 549 3105 sit,
573 3023 825 3112 impulsus-fuit
839 3026 881 3094 ad
900 3026 1042 3094 modum
1059 3045 1198 3113 aequum
1221 3026 1472 3109 excedendum,
1497 3030 1528 3097 31

317 3130 466 3199 devolvit
480 3130 518 3198 in
535 3131 618 3199 vitia
635 3131 708 3219 jam
727 3135 855 3215 notata,
875 3151 1023 3218 quorum
1043 3132 1251 3222 gravissima
1267 3131 1411 3202 fuerunt
1429 3152 1529 3203 casus

317 3237 567 3324 frequentiores
581 3243 615 3306 31
629 3239 872 3308 cumulatiores
887 3258 992 3325 quam
1013 3243 1051 3307 ut
1071 3240 1279 3309 verisimiles
1298 3241 1382 3322 sint,
1399 3241 1531 3329 cupidi-

317 3346 404 3412 tates
418 3344 654 3414 immoderatae
667 3363 891 3432 personarum
907 3346 1069 3432 superbia
1082 3347 1305 3428 tumentium,
1318 3350 1353 3415 et
1368 3346 1530 3417 inflatum

318 3455 351 3520 et
369 3470 618 3537 nonnunquam
642 3452 868 3522 deridendum
883 3453 1019 3521 dicendi
1037 3472 1160 3543 genus,
1180 3455 1254 3522 vim
1277 3472 1398 3523 rerum
1422 3455 1531 3544 tragi-

317 3575 437 3627 carum
463 3576 588 3626 vanam
610 3557 752 3642 faciens,
779 3578 856 3628 eam
879 3561 916 3627 in
939 3559 1052 3647 majus
1075 3560 1280 3629 extollendo.
1306 3560 1388 3630 llaec
1414 3563 1533 3631 tamen

316 3663 399 3734 vitia
428 3663 515 3732 nihil
543 3665 638 3734 aliud
666 3669 747 3734 sunt
772 3666 841 3734 nisi
868 3667 1089 3754 intemperies
1112 3668 1281 3735 virtutum
1308 3667 1529 3757 insignium,

317 3771 472 3838 nondum
486 3774 602 3840 autem
616 3773 703 3841 benc
721 3774 905 3854 rectarum,
922 3777 956 3843 et
974 3793 1082 3862 quum
1097 3773 1282 3843 Marlovius
1297 3773 1425 3843 litteris
1447 3794 1532 3845 nece

316 3881 454 3964 ereptus
477 3877 555 3960 fuit,
571 3879 646 3966 jam
669 3898 688 3947 e
714 3879 933 3969 gravissimis
955 3882 1119 3950 vitiorum
1143 3881 1284 3950 illorum
1309 3881 1472 3968 partibus
1496 3903 1533 3952 se

316 3984 546 4071 expediverat.
563 3986 738 4055 Sermonis
752 3988 923 4074 ampullas
942 3988 1096 4076 primum
1115 3990 1313 4056 sustulerat.
1339 3988 1531 4059 ATamer-

317 4090 395 4159 lano
421 4092 535 4180 magis
559 4094 740 4181 magisque
768 4093 832 4161 hoc
854 4093 938 4162 vitio
963 4114 999 4162 33
1022 4093 1129 4163 exuit.
1154 4094 1362 4164 immodicos
1391 4115 1532 4185 quoque

317 4198 425 4266 animi
453 4201 487 4265 et
512 4199 696 4267 verborum
720 4200 869 4287 impetus
893 4202 1089 4288 compescit,
1114 4204 1147 4269 31
1171 4220 1208 4269 33
1226 4218 1295 4268 non
1320 4201 1472 4272 effundit
1494 4204 1530 4271 in

317 4304 380 4372 bos
407 4305 626 4373 vehementes
654 4306 761 4374 animi
785 4312 912 4388 motus,
938 4308 1006 4375 nisi
1031 4326 1140 4394 quum
1163 4325 1319 4395 personae
1346 4307 1531 4378 indomitis

317 4411 538 4497 cupidinibus
554 4412 702 4480 incensae
717 4416 808 4482 sunt.
832 4416 963 4483 Harum
988 4433 1214 4501 personarum
1237 4414 1435 4501 praeoipuae‚
1462 4417 1532 4503 pri-

316 4537 415 4587 mum
429 4522 500 4587 tam
516 4520 700 4589 immodice
713 4521 893 4591 delineatae
906 4525 944 4590 ut
953 4523 1143 4590 humanam
1152 4521 1350 4590 amitterent
1360 4521 1528 4608 speciem,

317 4624 354 4692 in
369 4626 529 4696 Eduardo
542 4628 693 4697 secundo
706 4629 930 4716 temperatius
944 4629 1124 4720 finguntur
1139 4632 1173 4696 31
1187 4627 1352 4716 majorem
1368 4628 1531 4700 veritatis

317 4731 469 4821 effigiem
483 4734 520 4804 in
533 4753 571 4804 se
588 4736 783 4808 ostendunt.
800 4737 880 4820 Res,
904 4737 1107 4829 diligentius
1129 4735 1330 4825 excogitata
1352 4736 1388 4807 et
1411 4752 1528 4822 nexoe,
