3120 5474
598 411 759 475 ..47-

71 576 280 662 scripsisset,
302 578 374 658 illa,
399 579 492 647 baud
520 580 667 649 minima
690 578 892 649 auctoritate
922 575 1043 644 valuit.
1077 573 1143 658 Qui
1169 576 1283 642 autem

70 685 238 752 Faustum
258 686 408 771 scripsit,
425 687 607 755 manifesto
627 707 696 755 non
715 689 827 755 solum
853 686 953 753 ludos
977 683 1130 752 scenicos
1154 685 1284 768 speeta-

69 794 178 870 verat,
197 793 257 860 sed
272 792 376 859 etiam
391 811 501 861 scenae
519 795 651 880 peritus
666 797 738 861 erat
753 813 818 860 usu
834 810 964 859 rerum.

112 900 211 965 Docti
241 900 392 984 primum
421 901 704 968 existimaverant
731 894 961 968 Parisiensem
986 899 1120 966 Gaedem
1145 896 1284 965 tertiam

68 1023 143 1071 esse
168 1007 322 1073 Marlovii
339 1007 504 1074 fabulam.
527 1009 622 1089 Quod
647 1010 800 1093 tempore
815 1024 1026 1092 praecurrere
1042 1024 1109 1072 non
1128 1005 1285 1101 potuepat

67 1115 214 1179 mortem
241 1114 380 1180 Henrioi
400 1116 494 1181 tertii
517 1116 577 1200 qui
602 1133 692 1182 anuo
718 1118 755 1182 P.
778 1116 815 1182 C.
839 1116 880 1182 N.
906 1113 1093 1180 millesimo
1112 1100 1284 1199 quingen-

66 1220 192 1286 tesimo
216 1221 426 1307 octogesimo
453 1200 572 1320 petaso
600 1193 714 1314 (l58ss)
746 1224 824 1288 ante
855 1221 949 1288 diem
978 1225 1142 1305 quartum
1170 1220 1285 1285 Nonas
1298 1216 1428 1310 mnf]
1440 1227 1469 1344 j
1478 1191 1508 1334 J
1549 1227 1552 1231 ’

67 1327 212 1393 Sextiles
229 1328 262 1414 (2
281 1332 361 1394 aout
377 1327 475 1416 1589)
492 1328 626 1396 occisus
647 1329 730 1408 suit,
756 1331 790 1395 et
812 1327 912 1412 eujus
935 1328 1028 1393 exitu
1057 1325 1172 1393 fabula
1202 1343 1283 1392 oon-

67 1432 237 1513 cluditur,
264 1437 297 1500 et
325 1435 415 1520 quod
440 1437 594 1520 preterea
617 1436 708 1521 apud
720 1435 914 1522 ,prologum
937 1432 1125 1500 Melitensis
1155 1431 1282 1513 ludaei,

67 1539 126 1624 qui
157 1542 256 1606 aetus
282 1539 362 1620 suit,
397 1545 436 1609 ut
463 1542 652 1609 verisimile
684 1545 752 1622 est,
773 1560 863 1608 anno
891 1543 929 1607 P.
958 1542 993 1608 C.
1023 1542 1064 1607 N.
1097 1539 1284 1606 millesimo

66 1645 352 1732 quingentesimo
361 1649 570 1737 octogesimo
585 1667 675 1716 nono
694 1647 806 1736 (1589)
827 1649 881 1715 vel
906 1648 1092 1714 millesimo
1115 1647 1283 1734 quingen-

65 1752 192 1818 tesimo
211 1755 436 1842 nonagesimo
457 1754 583 1844 (1590),
603 1756 699 1824 loeus
719 1762 792 1822 erat
810 1755 870 1840 qui
889 1754 1011 1822 eadere
1039 1753 1219 1821 videbatur
1246 1753 1283 1819 iu

65 1859 269 1943 praedietam
285 1860 450 1942 fabulam,
468 1862 515 1929 ita
535 1863 577 1930 de
595 1863 692 1930 Caede
711 1861 899 1930 Parisieusi
924 1861 1117 1929 sentiebant
1141 1859 1282 1927 litterati

65 1970 102 2032 ut
115 1985 156 2032 ea
172 1965 289 2034 fabula
307 1969 433 2055 scripta
448 1972 482 2036 et
498 1971 572 2038 acta
588 1969 712 2038 fuisset
725 1988 786 2056 per
803 1969 1011 2036 novissimos
1025 1986 1164 2036 meuses
1179 1965 1283 2052 hujus
1332 1976 1336 1983 '

64 2074 191 2157 prioris
205 2074 301 2156 anni,
318 2076 371 2143 vel
387 2095 448 2162 per
461 2077 592 2162 primos
608 2076 820 2163 posterioris.
843 2077 982 2144 Fabulae
997 2075 1180 2143 manifesto
1195 2074 1282 2141 allu-

64 2181 142 2247 dere
158 2181 329 2267 putabant
348 2183 440 2251 hune
456 2185 569 2252 locum
583 2183 694 2253 ludaei
711 2183 902 2252 Melitensis
919 2204 927 2250 ε

208 2343 222 2373 ι
240 2321 342 2383 Albeit
357 2323 409 2384 the
422 2324 524 2386 world
538 2324 647 2386 thinks
668 2324 847 2386 Maehiavel
864 2323 893 2386 is
907 2323 997 2400 dead,

206 2418 372 2499 lnquiebat
387 2421 566 2484 Maehiavel
578 2423 658 2503 ipse,
676 2422 730 2503 qui
745 2421 872 2503 Prologi
888 2431 994 2503 partes
1009 2421 1132 2502 agebat,

207 2517 267 2579 Yet
285 2536 352 2580 was
367 2519 418 2582 his
433 2522 504 2582 soul
516 2520 572 2583 but
584 2523 682 2584 flown
697 2520 821 2601 beyond
835 2521 888 2582 the
902 2522 981 2601 Alps
993 2541 1000 2595 ;

206 2616 280 2677 And
297 2637 371 2679 now
384 2618 436 2680 the
450 2618 549 2680 Guise
564 2619 592 2680 is
607 2618 698 2695 dead,
713 2619 742 2680 is
757 2637 848 2681 come
861 2616 945 2680 from
961 2619 1096 2696 Franco,

207 2715 254 2776 Το
269 2714 354 2777 view
368 2716 431 2778 this
451 2716 538 2794 land,
553 2717 614 2779 and
631 2716 721 2780 frolie
734 2717 813 2779 with
827 2716 878 2778 his
892 2714 1013 2778 friends
1027 2714 1048 2778 ¹.
1067 2739 1080 2770 ›

106 2857 179 2922 Hos
208 2856 363 2923 Marlovii
395 2876 517 2925 versus
548 2859 663 2926 verbis
691 2859 762 2925 illis
790 2857 1043 2943 explanabant:
1073 2857 1225 2926 Callidus
1249 2862 1282 2925 et

64 2960 168 3029 fallax
187 2964 409 3031 Maehiavelis
424 2965 563 3032 animos
577 2966 637 3052 qui
654 2984 777 3051 nuper,
802 2983 910 3050 quum
936 2965 1050 3033 Caedes
1075 2965 1282 3032 Parisiensis

61 3073 237 3157 ageretur,
254 3070 352 3138 ducis
367 3071 477 3139 Guisii
490 3074 626 3140 vultum
638 3072 764 3152 induit,
776 3072 964 3139 Melitensis
977 3071 1089 3138 ludaei
1099 3089 1282 3156 personam

62 3177 154 3262 apud
193 3177 347 3245 fabulam
387 3197 513 3246 novam
551 3183 775 3266 suscepturus
803 3184 867 3246 est.
898 3178 1068 3264 Denique,
1099 3181 1282 3265 postquam

61 3288 308 3371 compererunt
334 3286 422 3354 bane
448 3286 617 3368 fabulam,
648 3287 746 3374 eujus
770 3288 938 3374 seriptum
961 3286 1083 3353 multis
1106 3286 1282 3353 erroribus

60 3396 266 3478 corruptum
290 3397 358 3473 est,
384 3394 590 3462 deteriorem
613 3414 688 3462 esse
711 3414 816 3481 quam
843 3395 909 3462 alia
933 3392 1088 3460 Marlovii
1111 3393 1280 3472 dramata,

59 3500 192 3584 quibus
206 3501 306 3568 valde
322 3505 515 3587 superatur,
533 3503 622 3570 bane
636 3503 806 3588 imparem
821 3521 897 3570 esse
911 3501 1071 3569 dicebant
1090 3499 1167 3566 ideo
1189 3500 1281 3585 quod

58 3608 281 3675 numeranda
296 3609 341 3675 sit
355 3609 445 3676 inter
460 3611 628 3694 dramata,
642 3630 722 3678 eum
732 3610 884 3678 maxima
894 3608 1067 3676 eeleritate
1078 3606 1279 3692 composita,

56 3733 211 3801 quorum
232 3714 324 3793 fama
348 3717 550 3785 obscuretur
573 3719 679 3786 simul
702 3738 742 3786 ae
764 3721 885 3787 eventa
914 3717 950 3784 in
980 3733 1119 3784 scenam
1141 3713 1282 3782 inducta

55 3821 239 3890 oblivione
254 3824 444 3891 deleantur.
466 3825 585 3906 Sires,
602 3827 757 3894 eomodo
772 3827 815 3894 ad
830 3824 1003 3912 liquidum
1018 3823 1194 3910 perducta,
1211 3839 1281 3888 non

53 3949 158 4009 vera,
175 3933 211 3996 at
223 3931 346 3998 saltem
360 3931 561 3999 verisimilis
576 3934 660 4000 erat.
914 4004 917 4009 ,

103 4034 174 4102 Sed
193 4035 320 4102 indicia
337 4053 424 4103 nova
439 4037 609 4121 posterius
629 4038 664 4104 in
685 4037 926 4106 Henslovianis
947 4037 1077 4125 accepti
1093 4040 1127 4105 et
1140 4034 1282 4123 expensi

51 4141 192 4211 tabulis
216 4141 356 4209 inventa
377 4148 496 4210 sunta
516 4146 874 4232 PaynoCollieroqui
897 4144 1020 4231 primae
1042 4144 1282 4213 controversiae

48 4249 171 4319 nodos
181 4249 380 4334 expedierat
394 4254 427 4317 et
437 4270 505 4333 res,
518 4252 555 4318 in
566 4253 738 4320 incertum
753 4256 922 4333 revocata,
935 4253 1063 4320 iterum
1079 4253 1115 4319 in
1131 4252 1282 4337 disputa·

48 4359 192 4426 tionem
208 4357 316 4425 venit.
333 4360 423 4426 Ante
442 4359 536 4425 diem
552 4361 744 4448 seeundum
759 4361 926 4429 calendas
938 4360 1119 4427 lanuarias
1136 4361 1192 4446 (30
1203 4359 1294 4455 jau·⁸
1377 4414 1380 4418 .

47 4466 132 4535 vier
159 4463 384 4552 laea-1594),
412 4484 503 4532 anno
527 4453 714 4535 millesimo
744 4468 1024 4556 quingentesimo
1054 4466 1280 4554 nonagesimo

47 4575 161 4643 tertio
180 4575 217 4640 et
234 4575 358 4658 quarto
381 4574 435 4643 vel
457 4575 589 4660 potius,
616 4575 645 4642 si
670 4576 807 4644 Fleaius
835 4578 869 4644 et
891 4576 1057 4644 Bulleuus
1078 4574 1277 4656 ereduntur,

82 4781 93 4820 ¹
109 4780 160 4836 Ed.
175 4776 288 4841 Bullen,
301 4777 353 4829 vol.
366 4777 397 4842 ll,
410 4793 437 4844 p.
449 4777 473 4831 9.
