3120 5474
584 116 621 127 ..
642 74 681 144 33
701 116 741 128 ..

55 255 189 322 l’Hotel
202 254 249 321 de
259 253 506 325 Rombooc'tlet
519 271 645 320 nomen
661 253 893 321 celebrabant.
907 254 978 321 Hoc
991 253 1128 321 dicendi
1144 273 1267 342 genus,

55 361 297 447 Euphuismus
324 363 495 442 iocatum,
525 380 544 427 e
576 361 818 429 commenticia
856 360 972 428 1311113
1000 379 1078 445 quae
1107 354 1271 447 Euphues

54 468 261 536 inscribitur
286 486 412 534 nomen
439 471 473 534 et
507 469 748 536 auctoritatem
776 469 866 555 cepit
896 466 1021 557 (1579).
1058 468 1180 548 Lilius,
1211 468 1272 554 qui

56 576 209 643 fabulam
243 576 340 642 illam
368 575 518 661 scripsit,
549 575 603 643 vir
635 578 709 642 erat
733 595 890 643 severam
913 576 1023 643 vitam
1047 593 1127 642 cum
1156 575 1273 642 animo

56 683 264 749 mollissimo
272 681 499 770 conjungens.
512 684 586 750 Non
595 680 802 750 concedebat
811 683 1012 750 hominibus
1021 685 1059 749 ut
1073 683 1108 749 in
1119 700 1273 749 amorem

56 789 251 858 inciderent
275 789 343 855 nisi
367 789 546 875 cupidines
574 808 654 857 suas
679 791 920 869 mundassent,
945 789 1116 873 expletam
1142 787 1273 874 persec-

58 900 199 982 tamque
229 896 378 980 speciem
402 915 471 963 non
495 897 660 981 corporis,
687 898 746 965 sed
769 897 876 964 animi
898 896 1099 982 appetendo.
1126 896 1169 963 Ut
1194 895 1273 962 libi-

10 1066 18 1085 ,
58 1002 156 1069 dines
177 1000 379 1081 refrenaret,
404 1003 580 1069 nonsatis
605 1002 751 1069 habebat
774 1003 837 1069 has
860 1003 988 1071 crassis
1010 1003 1275 1089 immodicisque

59 1109 220 1176 sensibus
247 1127 384 1175 exuere.
415 1110 527 1176 Unam
551 1110 648 1176 illam
671 1110 869 1176 amantibus
893 1110 997 1177 dabat
1020 1110 1208 1188 licentiam,
1237 1114 1276 1178 ut

59 1216 203 1283 affectus
240 1214 455 1282 declararent
481 1234 648 1304 generosa
684 1215 813 1283 virtute
850 1217 904 1284 vel
941 1217 1113 1302 exquisito
1144 1219 1275 1304 pudore

58 1324 275 1408 praestantes.
289 1322 487 1389 Postulabat
501 1325 625 1407 praeter
644 1322 769 1390 1133311
792 1342 831 1390 ea
847 1342 925 1408 quae
939 1324 1135 1392 sentiebant
1150 1342 1275 1393 venus-

59 1431 207 1497 tissimis
226 1430 410 1501 verborum
430 1429 604 1515 leporibus
618 1434 791 1518 ornarent.
818 1431 947 1497 Sensus
965 1434 1082 1498 autem
1097 1434 1131 1498 et
1150 1449 1278 1498 sermo·

50 1530 139 1604 ‘nem
155 1536 307 1622 sumpsit
326 1555 367 1603 ex
386 1536 513 1604 italicis
530 1537 755 1623 scriptoribus
774 1555 923 1623 quorum
939 1537 1112 1605 sentiendi
1126 1537 1278 1605 dicendi-

60 1662 125 1728 que
140 1663 253 1732 genus
268 1642 452 1710 ambitiosa
466 1636 630 1727 jactantia
643 1648 845 1730 corruptum
860 1647 945 1723 erat,
967 1645 1021 1711 vel
1036 1663 1078 1711 ex
1101 1662 1275 1712 commen-

10 1740 12 1747 ’
60 1749 153 1817 113113
178 1749 307 1817 fabulis
321 1750 435 1818 medio
450 1770 522 1819 aevo
542 1751 681 1837 scriptis
705 1753 739 1818 et
762 1752 883 1820 eodem
905 1751 990 1820 vitio
1014 1750 1276 1818 immoderatius

62 1855 391 1941 adhucinquinatis
950 1885 953 1892 ·

105 1963 169 2030 llis
184 1963 352 2048 exemplis
371 1964 418 2032 113
438 1964 601 2051 deceptus
619 1964 697 2046 1111,
718 1968 758 2034 11
778 1964 1028 2033 sententiarum
1043 1966 1276 2041 etverborum

61 2071 272 2159 elegantiam
292 2070 387 2156 justo
401 2073 620 2140 mundiorem
635 2074 835 2158 captaverit.
856 2074 952 2141 Adeo
974 2070 1086 2158 putidi
1106 2071 1277 2142 sermonis

61 2173 250 2265 praedulcia
265 2177 441 2263 appetivit,
459 2182 498 2247 ut
512 2198 614 2266 opera
629 2199 692 2247 sua
716 2180 843 2268 frigida
858 2179 1074 2264 ridiculeque
1088 2177 1177 2245 facta
1193 2177 1275 2245 sint.

58 2284 606 2381 fflqu„QQverissime
623 2288 710 2355 dixit
733 2290 767 2354 et
790 2287 939 2374 legimus
964 2289 999 2357 in
1020 2280 1151 2395 solerfi
1166 2294 1200 2358 et
1223 2310 1278 2357 ar·
1328 2264 1335 2288 ⁹

61 2394 146 2479 guto
165 2391 300 2476 judicio
328 2390 403 2477 ejus
432 2393 475 2460 de
507 2413 634 2481 genere
663 2394 719 2462 cui
747 2395 984 2480 Euphuismus
1014 2415 1162 2478 nomen,
1199 2397 1278 2465 Lilii

61 2498 219 2566 fabulam
255 2498 381 2566 studiis
410 2501 612 2568 convenisse
641 2502 834 2569 valentibus
862 2489 1081 2590 inter'hujus
1113 2505 1279 2590 temporis
1379 2560 1385 2573 .

60 2607 245 2674 litteratos.
270 2605 372 2690 Apud
396 2625 517 2674 omnes
547 2608 583 2675 in
611 2609 764 2675 maxima
793 2608 860 2676 1111
886 2611 1010 2698 gratia.
1036 2612 1129 2680 Inter
1154 2629 1280 2678 manus

62 2731 185 2780 eorum
213 2711 274 2797 qui
303 2730 410 2781 novos
439 2714 547 2781 libros
570 2715 730 2802 legebant
757 2733 826 2781 non
852 2717 1055 2804 versabatur
1081 2737 1184 2804 opus,
1211 2718 1280 2784 nisi
1384 2721 1386 2725 ’

63 2823 187 2891 eodem
206 2820 310 2888 modo
330 2821 499 2907 scriptum
514 2824 616 2888 esset.
645 2822 717 2903 Quo
733 2840 891 2890 sermone
911 2823 1021 2891 Lilius
1035 2824 1110 2910 ipse
1129 2845 1214 2892 usus
1229 2828 1281 2892 est

63 2928 253 2998 eomoedias
269 2927 449 2996 scribendo
463 2947 549 3014 quas
564 2929 757 3013 composuit
772 2932 955 3015 postquam
973 2929 1105 3016 aliquid
1125 2931 1281 2997 muneris

64 3035 103 3103 in
126 3036 205 3102 aula
234 3035 401 3102 sustinuit
428 3038 462 3103 et
488 3053 637 3120 quarum
666 3035 838 3121 pleraeque
866 3036 903 3104 in
929 3038 1072 3125 Reginae
1097 3041 1280 3125 conspectu

64 3146 151 3211 actae
164 3141 317 3209 1131111.
1024 3222 1027 3234 y
1087 3226 1104 3234 Ι,

108 3255 274 3321 Attamen
291 3253 355 3320 hoc
377 3248 483 3337 fugax
506 3253 541 3316 et
563 3249 667 3317 inane
688 3251 898 3336 Euphuismi
922 3251 1077 3320 studium
1101 3270 1281 3338 nunquam

64 3361 103 3428 in
127 3360 264 3426 animos
287 3357 404 3444 populi
428 3356 565 3441 penitus
586 3356 713 3423 inssuit.
731 3358 931 3446 ingratiam
947 3361 980 3424 et
995 3358 1148 3426 favorem
1168 3358 1284 3426 multi-

65 3467 200 3535 tudinis
228 3465 339 3532 Lilius
367 3464 480 3531 solum
507 3466 648 3530 venerat
670 3465 762 3549 quod
789 3466 946 3533 dramata
971 3465 1063 3532 haud
1087 3465 1281 3552 spernenda

65 3573 366 3642 desiderabantur.
384 3571 508 3637 Statim
526 3573 564 3636 ut
584 3569 709 3655 primis
733 3572 903 3639 inchoatis
926 3590 966 3640 ac
981 3573 1127 3640 rudibus
1146 3573 1283 3640 drama-

65 3680 161 3748 tibus
183 3679 312 3747 tabulae
334 3677 554 3764 perfectiores
578 3679 818 3757 successerint,
846 3679 955 3746 Lilius
980 3681 1014 3745 et
1034 3697 1136 3765 opera
1155 3678 1228 3765 ejus
1248 3679 1285 3745 in

66 3787 281 3856 oblivionem
313 3786 493 3853 venerunt.
525 3784 621 3866 Quod
661 3785 736 3851 sine
764 3804 862 3852 mora
890 3785 1012 3852 incidit
1044 3804 1153 3872 quum
1182 3804 1285 3870 appa-

67 3897 219 3963 ruerunt
233 3892 258 3959 ii
274 3892 469 3959 fabularum
486 3890 670 3976 scriptores
685 3891 744 3976 qui
756 3892 905 3978 proximi
921 3894 1000 3959 3113
1012 3893 1286 3978 Shakespearum

67 4011 162 4088 sunt,
181 4008 218 4073 et
233 4005 324 4072 inter
337 4023 424 4089 quos
439 4002 579 4091 ingenio
598 4002 750 4068 maximo
773 3999 959 4068 Marlovius
983 4000 1070 4067 nitet
1092 4002 1126 4066 et
1141 4000 1285 4078 clarent,

66 4112 276 4206 languidius
298 4113 426 4189 tamen,
449 4110 582 4186 Pectus,
607 4107 713 4185 Nash,
740 4108 895 4174 Greenus
918 4109 953 4174 et
977 4106 1139 4194 Lodgius.
1160 4105 1287 4173 ludicii

67 4229 185 4293 autem
203 4217 291 4287 vitia
315 4234 407 4305 aegre
426 4216 632 4302 plerumque
655 4213 868 4292 reciduntur,
894 4216 928 4280 et
951 4212 1187 4297 Euphuismus
1213 4212 1289 4279 viro

68 4332 252 4421 superstes
268 4323 333 4393 1111
356 4342 464 4408 aquo
478 4322 650 4410 originem
670 4339 769 4388 suam
786 4323 980 4406 acceperat.
1006 4319 1041 4386 Si
1061 4337 1131 4386 non
1155 4318 1288 4387 diutius

478 4444 489 4451 ”
1113 4447 1132 4506 3
