3120 5474
600 402 604 410 “
687 387 863 456 -lta-

166 562 246 631 lovii
262 562 524 649 condiscipulus
539 563 662 632 fuerat.
679 565 861 649 coaptatus
886 563 1001 629 autem
1028 560 1064 628 in
1089 561 1243 628 scholam
1267 562 1382 629 sancto

166 671 291 738 Joanni
326 671 536 752 dedicatam,
566 689 656 738 anno
681 674 719 737 P.
745 672 780 737 C.
812 671 852 736 N.
885 667 1072 735 millesimo
1106 668 1383 755 quingentesimo

167 777 380 864 octogesimo
395 777 517 862 quinto
533 774 659 864 (1585),
672 778 791 843 eodem
808 794 896 842 anno
911 794 979 861 quo
994 776 1141 842 aemulus
1157 794 1240 842 suus
1256 774 1385 841 artium

166 884 362 951 bacalarius
384 884 496 951 faetus
517 889 580 963 est,
604 904 622 951 e
645 883 985 970 cantabrigiensibus
1003 882 1130 949 sobolis
1154 881 1282 968 ejectus
1305 880 1382 959 fuit,

165 1010 254 1057 anno
281 992 320 1057 P.
347 993 385 1058 C.
411 993 453 1058 N.
483 991 669 1057 millesimo
697 991 976 1077 quingentesimo
1005 989 1214 1074 octogesimo
1239 989 1385 1074 septimo

165 1096 294 1185 (1587),
310 1098 402 1183 quod
413 1098 615 1165 credebatur
632 1097 877 1182 composuisse,
894 1096 1077 1182 adjuvante
1092 1096 1242 1181 quodam
1257 1115 1275 1162 e
1291 1096 1386 1163 soda-

165 1205 256 1270 libus
272 1205 359 1282 suiS,
377 1205 582 1289 probrosum
599 1222 739 1270 carmen
754 1203 809 1270 cui
829 1204 1019 1269 Terminus
1034 1205 1073 1276 ,et
1096 1221 1168 1268 nore
1194 1204 1386 1269 Terminus

164 1310 301 1376 titulus.
321 1311 369 1377 De
385 1310 498 1377 schola
515 1311 680 1396 depulsus
695 1313 747 1377 est
761 1312 946 1394 antequam
958 1309 1083 1375 artium
1096 1309 1263 1395 magister
1273 1309 1384 1375 factus

165 1420 255 1483 esset
266 1422 300 1483 et
310 1417 403 1484 bunc
414 1417 583 1484 bonorum
595 1417 757 1504 gradum,
771 1435 873 1500 quem
885 1419 1088 1482 consecutus
1103 1420 1175 1481 erat
1185 1416 1382 1494 llarlovius,

164 1524 339 1609 posterius
355 1523 561 1609 contempsit
575 1525 705 1609 pariter
720 1528 822 1607 atque
838 1524 958 1608 vulpes
973 1521 1072 1607 cujus
1088 1520 1202 1587 fabula
1218 1522 1382 1607 loquitur,

164 1650 252 1696 uvas
269 1631 464 1698 acerbiores
479 1631 636 1708 ducebat,
658 1648 720 1696 nec
735 1630 843 1696 ullam
861 1630 903 1696 ob
920 1629 1022 1695 aliam
1044 1647 1196 1695 causam.

210 1738 312 1804 Ratio
328 1740 445 1804 autem
463 1737 571 1803 animi
592 1736 707 1802 infesti
726 1755 830 1821 quem
850 1737 1002 1802 Greenus
1026 1736 1175 1802 ostendit
1203 1734 1239 1801 in
1262 1736 1384 1802 lllarlo-

163 1844 263 1912 vium
279 1862 351 1910 non
371 1844 488 1910 minus
504 1844 656 1910 dilucida
675 1848 738 1909 est.
760 1843 1087 1927 Reprehendebatur
1104 1843 1195 1928 quod
1219 1861 1288 1909 non
1314 1847 1385 1910 tam

164 1969 330 2036 prospere
346 1952 542 2017 succederet
562 1949 695 2016 fabulas
718 1951 900 2016 scribendo
924 1969 1028 2034 quam
1049 1950 1213 2034 probroso
1232 1950 1385 2015 carmine

164 2058 393 2124 diffamando.
409 2059 484 2142 lpse
496 2057 676 2125 confitetur
689 2076 725 2123 se
740 2061 852 2123 tantas
864 2058 1014 2124 rationes
1024 2056 1172 2141 querelae
1182 2057 1382 2142 praebuisse,

165 2168 275 2230 utres
291 2164 321 2230 ei
343 2163 482 2230 crimini
498 2165 612 2249 palam
629 2164 665 2230 in
681 2183 782 2231 scena
798 2165 876 2231 data
892 2163 1007 2231 luerit.

210 2272 261 2336 Eo
291 2269 469 2348 acerbiuS,
501 2271 575 2336 sine
603 2272 725 2350 dubio,
756 2271 1006 2357 vituperatione
1030 2269 1173 2338 allectus
1200 2270 1266 2338 suit
1293 2272 1383 2356 quod

165 2380 303 2442 tantum
334 2377 370 2442 in
398 2376 525 2442 honore
548 2375 660 2443 fuerat
683 2382 852 2462 quantum
877 2377 936 2461 qui
960 2377 1110 2442 maxime
1129 2379 1219 2462 apud
1243 2396 1301 2443 eos
1326 2378 1385 2464 qui
1494 2468 1497 2475 Ι

166 2504 258 2570 saepe
275 2485 312 2550 in
328 2485 461 2551 theatra
477 2485 719 2552 Londiniensia
732 2484 914 2552 veniebant
924 2485 1031 2552 donec
1041 2472 1237 2563 llarloviuS,
1250 2484 1384 2552 fabulas

166 2591 390 2677 perfectiores
409 2593 444 2657 in
466 2611 604 2657 scenam
629 2591 836 2670 inducenda,
862 2591 1069 2657 ostendisset
1087 2591 1214 2676 quibus
1228 2590 1384 2676 partibus

165 2698 286 2765 aemuli
306 2699 360 2766 sui
378 2699 533 2764 dramata
549 2699 705 2765 inchoata
721 2701 754 2764 et
769 2699 867 2764 rudia
883 2701 1008 2764 essent.

212 2807 390 2889 Prosperae
409 2804 556 2872 fortunae
571 2805 688 2872 aemuli
704 2805 758 2872 sui
777 2805 964 2871 invidebat.
982 2807 1056 2871 Non
1071 2806 1216 2872 dubium
1233 2808 1285 2872 est
1299 2806 1384 2891 quin

166 2930 206 2976 eo
224 2917 377 2996 tempore
390 2913 551 2979 Marlovio
567 2913 744 2990 adversus
763 2912 832 2978 imo
848 2911 1114 2978 inimicissimus
1129 2911 1244 2980 suerit.
1262 2916 1386 2981 Conce-

165 3018 280 3085 dendo
296 3019 351 3084 sui
367 3018 495 3085 laboris
511 3020 614 3097 socio,
635 3018 740 3097 Nash,
758 3021 796 3086 ut
815 3018 921 3084 nimis
937 3037 1057 3104 aspere
1077 3021 1239 3086 tractaret
1261 3021 1383 3087 llarlo-

166 3124 265 3190 vium
280 3125 317 3190 in
333 3126 498 3210 proaemio
522 3126 629 3191 libelli
654 3127 844 3210 blenaphon
865 3125 1035 3209 inscripti,
1054 3129 1087 3190 et
1102 3126 1270 3210 loquendo
1288 3127 1383 3192 fasti-

168 3231 267 3297 diose
285 3232 327 3298 de
343 3232 544 3298 Tamerlano
560 3232 595 3298 in
612 3231 726 3298 libello
742 3233 797 3299 cui
811 3232 1020 3298 Perimades
1032 3232 1383 3300 rlzealacne-snuuu

167 3337 307 3419 titulus,
324 3339 442 3406 odium
458 3358 561 3406 suum
576 3339 796 3424 perspicuum
812 3337 903 3405 fecit.
921 3338 1066 3423 Propius
1090 3339 1194 3405 etiam
1214 3343 1265 3406 est
1279 3339 1383 3406 fidem

168 3445 341 3511 Greenum
360 3445 396 3510 in
411 3445 488 3512 odio
504 3465 565 3512 suo
580 3464 641 3530 per
657 3445 774 3529 plures
793 3463 912 3523 annos,
930 3444 1017 3511 forte
1036 3463 1145 3528 usque
1169 3446 1212 3511 ad
1236 3452 1384 3513 mortem

169 3570 422 3638 perseverasse,
446 3553 617 3638 posterius
642 3555 735 3620 enim
759 3554 913 3621 llarlovii
932 3553 1059 3621 sabulis
1077 3571 1155 3639 quae
1172 3555 1333 3620 Faustus
1352 3557 1385 3620 et

168 3659 377 3726 Eduardus
392 3659 585 3728 Secundus
601 3661 848 3734 inscribuntur.
867 3661 934 3728 duo
950 3662 1107 3728 dramata
1126 3661 1284 3746 opposuit
1299 3664 1332 3726 et
1346 3679 1385 3726 ea

169 3764 298 3850 quibus
318 3765 440 3832 titulus
462 3766 532 3833 Tire
553 3767 786 3835 Honourubte
804 3770 955 3854 Historp
976 3769 1018 3855 of
1031 3769 1150 3835 Friur
1167 3771 1291 3835 Bucen
1309 3769 1385 3834 und

200 4023 210 4058 ¹
227 4021 382 4073 Perimedes
401 4021 446 4074 the
464 4021 670 4075 Blacke·Smith.
688 4025 709 4076 A
726 4025 824 4087 golden
843 4024 980 4087 methode,
1000 4024 1058 4077 how
1074 4028 1102 4076 to
1122 4038 1170 4076 use
1188 4024 1235 4076 the
1251 4020 1343 4076 minde
1356 4023 1384 4075 in

167 4103 293 4168 pleasant
314 4103 369 4153 and
390 4103 533 4167 profitable
556 4105 694 4155 exereise:
714 4105 840 4155 Wherein
865 4105 888 4156 is
910 4105 1053 4156 contained
1068 4105 1179 4170 speciali
1193 4105 1340 4170 principles
1355 4105 1385 4154 sit

166 4183 211 4233 ior
225 4182 270 4232 the
282 4180 389 4245 highest
406 4187 433 4232 to
446 4183 563 4244 imitate,
572 4184 626 4234 and
640 4184 685 4234 the
698 4189 822 4236 meanest
831 4188 858 4234 to
872 4189 922 4250 put
934 4185 962 4234 in
976 4186 1102 4250 practise,
1115 4186 1174 4236 how
1189 4185 1248 4235 best
1259 4189 1287 4236 to
1298 4185 1384 4250 spend

165 4263 214 4313 the
237 4262 334 4312 wearie
356 4263 464 4313 wintere
484 4264 584 4327 nights,
609 4277 640 4314 or
660 4264 705 4315 the
728 4265 834 4328 longest
854 4278 990 4316 summers
1006 4265 1150 4328 Evenings,
1167 4265 1194 4314 in
1217 4263 1314 4314 honest
1329 4262 1384 4314 and

166 4342 321 4406 delightfull
344 4344 514 4393 recreation:
530 4344 647 4394 uberein
660 4357 697 4395 ue
712 4358 776 4409 may
795 4344 886 4395 learne
905 4349 932 4395 to
949 4344 1044 4396 avoide
1059 4345 1191 4396 idlenesse
1205 4344 1260 4394 and
1271 4346 1383 4394 wnntou

164 4423 328 4482 scurrilitie,
344 4422 432 4473 which
454 4422 544 4474 divers
565 4423 676 4488 appoint
697 4439 729 4475 as
753 4424 799 4474 the
822 4424 875 4475 end
896 4425 925 4474 ol
944 4425 1016 4476 their
1039 4425 1177 4489 pastimes.
1202 4424 1315 4476 Heerein
1336 4436 1383 4474 are

166 4503 320 4553 interlaeed
338 4501 415 4553 three
433 4504 533 4554 merrie
550 4504 605 4554 and
622 4506 775 4555 necessarie
793 4505 947 4556 discourses
964 4506 995 4555 lit
1012 4506 1053 4556 lor
1069 4519 1120 4556 our
1136 4506 1202 4556 time
1219 4520 1225 4555 ε
1242 4505 1308 4555 with
1327 4517 1383 4554 cer-

164 4584 242 4636 taine
257 4582 383 4646 pleasant
396 4582 524 4633 lllstories
537 4583 592 4632 and
606 4583 729 4647 tragicall
742 4585 819 4645 tales,
832 4583 919 4634 which
937 4598 998 4648 may
1012 4585 1094 4634 breed
1111 4584 1214 4648 delight
1228 4589 1255 4636 to
1266 4585 1311 4645 all,
1327 4583 1382 4633 and

164 4664 271 4714 offence
283 4665 311 4710 to
326 4674 405 4711 none.
419 4661 504 4712 Omne
518 4662 580 4712 tulit
593 4668 736 4727 punctum,
750 4662 797 4726 qui
810 4663 922 4713 miscuit
943 4664 1009 4714 utile
1029 4663 1112 4714 dulci.
1131 4664 1251 4726 London,
1271 4662 1382 4714 Printed

163 4745 198 4811 by
213 4742 288 4796 John
303 4741 400 4806 b'olse,
413 4742 455 4794 lor
467 4743 580 4794 Edward
595 4742 687 4807 white,
702 4742 769 4803 1588,
783 4742 818 4793 4⁰.
832 4743 919 4809 (Dyce,
935 4742 1059 4796 Greene's
1075 4743 1170 4809 uorks,
1183 4745 1237 4796 vol.
1252 4745 1271 4808 1,
1286 4759 1309 4811 ρ.
1323 4737 1385 4808 dr.)
