3120 5474
684 346 862 413 -101-

170 525 380 613 respondebo
404 542 484 593 oum
501 522 653 590 fabulam
674 522 913 590 retractavissc
936 521 1011 589 sine
1030 521 1137 589 dubio
1157 521 1292 589 scenicis
1306 520 1351 606 331

168 634 205 701 13
225 633 328 721 huJus
346 635 561 720 possessione
580 635 678 701 erant
698 633 962 722 instigantibus
984 635 1020 700 at
1043 633 1166 700 saltem
1188 631 1352 719 approban-

168 741 274 808 tibus,
298 741 451 808 Tandem
475 741 522 807 ila
549 740 665 807 labore
689 739 749 807 illo
773 739 913 807 iunctus
934 742 988 806 est
1012 743 1050 805 ut
1077 739 1221 826 effugiat
1247 738 1354 805 crimen

168 846 263 928 surii,
290 851 324 914 et
347 866 418 914 rem
443 866 511 914 non
537 846 856 914 animadverterunt
875 846 1032 913 nonnulli
1053 845 1165 913 critici
1188 848 1356 931 313333333-

167 955 232 1022 tim
257 953 405 1021 Emilius
433 956 646 1043 llontegut¹‚
673 954 733 1038 331
753 953 893 1021 adducti
912 953 1068 1032 luerunt,
1096 956 1136 1019 ut
1163 952 1226 1019 hoc
1249 952 1358 1019 crimen

168 1062 382 1147 repellerent,
404 1062 447 1129 ad
462 1062 549 1130 duas
564 1064 697 1128 veteres
712 1060 846 1128 fabulas
861 1061 897 1127 in
914 1061 1190 1146 Sirakespearum
1206 1058 1359 1127 33313333-

168 1169 242 1236 das.
268 1169 303 1236 Si
327 1187 385 1235 333
410 1188 490 1236 3333
514 1169 651 1237 fecisset
677 1169 814 1236 tertiam
844 1187 1009 1237 versuum
1037 1170 1172 1254 partem
1200 1166 1359 1243 servando,

167 1276 358 1365 plagiarius
383 1277 567 1362 impudens
582 1276 716 1344 fuisset.
733 1276 871 1343 Crimen
895 1278 1014 1343 contra
1038 1275 1215 1343 derivatur
1240 1277 1269 1343 si
1282 1274 1362 1342 labu-

169 1384 219 1451 las
239 1385 448 1462 retractavit,
468 1383 512 1449 iis
531 1384 591 1470 qui
611 1383 648 1449 in
668 1384 793 1451 harum
808 1383 1025 1469 possessione
1049 1385 1147 1450 erant
1161 1381 1363 1470 approbanti-

168 1490 244 1570 bus,
268 1494 301 1557 et
325 1491 450 1557 harum
471 1491 643 1579 originem
667 1509 734 1557 non
764 1490 899 1569 celavit,
930 1490 1021 1575 quod
1047 1490 1190 1576 propius
1213 1492 1266 1557 est
1286 1507 1363 1557 vero.

168 1599 337 1665 Caeterum
359 1600 525 1678 (1333333,
546 1617 655 1684 quum
675 1598 949 1683 Shakespearum
965 1597 1101 1664 incusat
1116 1595 1211 1677 furti,
1230 1582 1366 1682 spectare

167 1705 304 1773 videtur
324 1705 366 1772 ad
391 1703 523 1773 surium
548 1723 616 1773 non
635 1704 831 1771 fabularum
850 1705 888 1771 in
902 1707 1012 1771 totum
1028 1707 1218 1791 raptarum,
1236 1704 1295 1772 sed
1309 1703 1368 1771 sin·

168 1813 329 1900 gulorum
345 1830 509 1880 versuum
524 1816 585 1881 aut
599 1814 764 1880 locorum.

212 1921 317 1987 llulta
332 1919 467 1987 interna
484 1920 612 1988 indicia
634 1917 813 2006 (13133331
833 1919 927 2007 1331),
948 1921 1073 2005 praeter
1093 1918 1180 1999 haec,
1202 1918 1292 1987 hanc
1310 1916 1372 1985 vim

169 2027 295 2095 habent
309 2029 348 2094 ut
362 2028 544 2095 ostendant
560 2026 694 2095 fabulas
710 2047 730 2094 a
749 2028 985 2113 Shakespearo
1007 2027 1153 2112 scriptas
1173 2025 1293 2092 fuisse.
1309 2025 1373 2091 Pri·

169 2155 266 2202 mum
290 2153 360 2202 non
385 2135 465 2202 11331
487 2138 525 2202 31
550 2134 692 2221 objicias
720 2135 812 2221 quod
836 2153 957 2202 versus
980 2152 1050 2201 non
1075 2133 1238 2200 similiter
1266 2151 1375 2201 conso·

168 2247 290 2310 nantes
307 2243 342 2309 in
357 2242 498 2308 Henrici
513 2242 605 2309 Sexti
623 2242 778 2328 partibus
793 2241 972 2328 pauciores
987 2242 1058 2308 sint
1071 2259 1177 2326 quam
1190 2240 1229 2307 in
1239 2241 1376 2308 81131333-

169 2351 263 2436 33331
279 2348 406 2415 fabulis
421 2349 540 2415 eodem
558 2352 712 2435 tempore
727 2349 877 2435 scriptis,
894 2347 1023 2415 etenim
1038 2349 1068 2414 si
1083 2349 1197 2414 solum
1216 2348 1378 2434 quosdam

169 2456 261 2523 13333
276 2455 382 2522 Η3331
398 2455 485 2520 sexti
499 2456 709 2535 retractavit,
726 2460 841 2542 partes
857 2458 972 2522 tamen
988 2472 1057 2522 333
1067 2456 1260 2523 emendatae
1273 2456 1379 2542 impu·

169 2565 287 2629 tantur
316 2563 352 2628 in
380 2580 546 2629 versuum
576 2581 763 2643 summam,
791 2581 900 2648 quum
929 2563 965 2629 hi
992 2567 1235 2643 numerantur,
1262 2567 1297 2630 et
1317 2582 1381 2631 non

170 2669 317 2737 liberum
338 2672 390 2735 est
407 2688 463 2737 res
479 2689 556 2755 quae
574 2689 643 2737 non
659 2671 787 2739 eaedem
811 2673 903 2752 sunt,
920 2670 1011 2736 inter
1026 2689 1062 2736 33
1078 2669 1247 2738 conferre.
1264 2672 1381 2739 Osten-

170 2779 296 2845 derunt
311 2777 455 2862 quidam
470 2777 612 2863 insuper
626 2777 764 2844 Ricardi
784 2778 877 2845 tertii
899 2795 1081 2863 personam
1100 2777 1137 2843 in
1156 2777 1382 2864 Shakespeari

170 2884 284 2952 fabula
306 2884 361 2951 331
386 2884 508 2951 1113133
534 2885 704 2953 Ricardus
726 2885 848 2952 tertius
872 2885 964 2952 etin
987 2885 1134 2951 Henrico
1158 2887 1255 2951 sexto
1278 2903 1382 2952 unam

171 2993 204 3059 31
226 2992 382 3059 eamdem
407 3010 494 3071 esse,
517 3011 558 3058 ex
577 3011 645 3078 333
668 2992 832 3077 consequi
850 2993 987 3060 videtur
1010 2995 1048 3059 ut
1072 2991 1115 3058 ab
1132 3010 1201 3059 uno
1217 2994 1384 3061 eteoclem

171 3098 335 3184 scriptore
364 3100 551 3182 utrumque
578 3098 699 3165 drama
728 3099 957 3184 compositum
985 3097 1100 3165 fuerit.
1130 3099 1288 3166 Johanna
1322 3102 1384 3167 Lee

170 3207 338 3291 quosdam
364 3205 530 3272 indicavit
554 3206 646 3272 locos
669 3207 729 3291 qui
754 3225 834 3272 cum
859 3206 995 3273 dicendi
1019 3205 1129 3272 torma
1150 3206 1385 3292 Shakespearo

171 3314 307 3400 propria
330 3313 551 3381 consentanei
576 3317 682 3393 sunt3
710 3312 808 3399 plura
831 3313 1026 3400 designavit
1052 3313 1156 3380 verba
1186 3314 1230 3380 ad
1259 3332 1385 3401 nomen

172 3420 345 3505 adjuncta,
362 3420 526 3488 vocabula
542 3423 575 3487 et
590 3421 779 3488 sententias
794 3421 918 3506 333313
929 3420 1033 3488 333113
1045 3419 1273 3507 Shakespeari
1287 3421 1384 3489 labu-

171 3527 214 3594 lis
228 3527 395 3596 invenies.

213 3635 420 3703 Discrimina
449 3638 563 3704 autem
588 3635 647 3704 illa
676 3637 880 3705 tenuissima
909 3640 1000 3704 sunt.
1029 3635 1094 3718 Qui
1122 3635 1248 3703 nititur
1279 3641 1319 3705 ut
1346 3656 1387 3705 33

170 3744 405 3829 deprehendat
428 3746 462 3810 et
485 3763 604 3813 eorum
627 3749 753 3831 praeter
777 3764 914 3831 aequum
939 3745 1083 3812 modum
1107 3744 1244 3830 pondus
1267 3748 1384 3834 auget,

169 3849 439 3937 intemperanter
450 3852 559 3919 utitur
569 3853 668 3920 novis
679 3853 810 3920 artibus
823 3872 899 3939 3333
914 3853 1001 3919 33113
1016 3851 1234 3920 arithmetica
1249 3871 1387 3938 quoque

170 3957 345 4026 dicuntur.
363 3960 468 4027 Multo
482 3960 592 4045 pluris
608 3960 694 4027 facio
710 3960 838 4028 indicia
857 3960 1056 4027 communia
1071 3978 1148 4044 quae
1163 3957 1292 4026 fabulis
1307 3979 1387 4046 pro·

170 4065 244 4151 pria
274 4069 374 4144 sunt,
409 4070 442 4133 et
470 4067 596 4152 quibus
624 4067 781 4154 insignes
809 4070 902 4135 sunt.
923 4069 1004 4135 Haec
1032 4066 1160 4134 indicia
1184 4066 1331 4134 solerter
1353 4069 1389 4134 31

171 4176 328 4241 33333313
343 4174 498 4241 Johanna
514 4176 578 4242 Lee
594 4175 810 4243 enumeravit
829 4176 920 4260 apud
940 4176 1140 4261 sequentem
1155 4174 1315 4259 opusculi
1331 4175 1387 4241 sui

170 4279 311 4347 locum:

214 4441 227 4471 ‹
245 4421 283 4480 13
298 4439 393 4501 every
409 4428 531 4503 respect
546 4422 597 4483 the
612 4419 674 4482 1331
691 4420 753 4483 and
767 4419 824 4483 331
839 4429 927 4503 33313
942 4420 1095 4500 ofHenry
1108 4421 1152 4480 Vl
1164 4420 1389 4483 arefiuerand

171 4534 261 4579 more
279 4516 427 4599 periectly
450 4519 620 4602 developed
642 4519 769 4583 dramas
793 4520 870 4583 thau
893 4520 975 4582 their
995 4518 1160 4599 originals.
1187 4517 1255 4580 The
1278 4519 1389 4581 whole

204 4709 214 4743 ¹
240 4707 358 4761 OEuvres
380 4710 527 4776 completos
549 4710 583 4762 de
607 4709 801 4774 Shekespeare,
823 4708 1279 4777 13313113333311331131113311331.
1297 4708 1388 4769 Paris.

73 4766 77 4772 ⁵
172 4788 311 4852 llachette,
323 4788 402 4854 13-18,
414 4790 468 4843 vol.
481 4789 505 4845 V
520 4793 547 4842 31
560 4790 604 4845 Vl.
