3120 5474
587 81 764 146 ..191-

63 256 331 347 obstringantur
355 255 494 323 servitio
517 273 585 340 quo
599 274 640 322 ex
661 256 758 340 parte
774 252 828 320 vel
848 253 884 319 in
902 253 1013 319 totum
1028 251 1183 339 spoliatae
1201 255 1281 319 sunt

65 364 212 434 arbitrio
229 383 305 432 suo.
323 365 436 446 Quum
451 363 544 430 enim
564 363 739 429 voluntate
762 360 867 427 libera
887 362 1016 440 carent,
1037 377 1107 425 non
1123 358 1281 425 homines

64 471 240 561 elfingrmt
254 471 351 538 vivos
365 473 398 536 et
417 469 588 555 spirantes
607 467 667 554 qui
687 467 838 552 periculo
857 483 919 532 suo
938 466 1058 552 agunt,
1084 466 1156 543 sed,
1175 467 1214 532 ut
1234 464 1282 531 ita

63 576 193 658 dicam,
211 577 362 645 ludibria
379 575 452 655 fati,
468 592 546 662 quae
562 573 778 641 intuentibus
794 586 970 650 ncccnrae,
988 590 1051 640 nec
1065 569 1282 639 delectationi

65 688 159 765 sunt,
176 682 247 753 nisi
263 682 361 762 forte,
387 678 477 750 sicut
500 680 536 748 in
562 681 759 747 Graecorum
784 677 975 767 tragoediis,
1004 676 1198 745 conflictata
1214 678 1284 744 sint

64 792 210 860 adversa
237 789 375 857 fortuim
397 792 431 855 et
456 789 562 856 tantis
585 787 737 853 miseriis
757 790 927 870 cooperta,
948 788 986 850 ut
1006 785 1147 851 horrore
1167 783 1281 851 studia

65 898 300 985 spectantium
315 897 475 976 excitent,
496 900 530 962 et
548 895 706 962 omnium
727 896 861 959 mentes
881 891 1183 957 vehementissima
1205 908 1282 976 per-

65 1008 228 1072 moveant
242 1002 477 1071 miseratione.
492 1004 620 1070 AEneas
634 1019 715 1068 vero
730 1005 764 1067 et
780 1001 865 1066 Dido
880 1000 916 1065 in
931 998 1044 1066 sabula
1062 999 1128 1065 sub
1142 1017 1181 1065 ea
1196 1002 1283 1067 dura

66 1113 142 1201 lege
157 1112 288 1198 Jacent.
305 1113 378 1177 Non
396 1109 553 1177 homines
569 1110 650 1176 sunt
665 1126 701 1175 se
720 1108 865 1175 rationis
883 1110 942 1172 aut
962 1105 1148 1172 libidinum
1169 1106 1281 1173 consi-

66 1218 124 1286 liis
138 1224 312 1306 gerentes
325 1218 384 1285 sed
400 1217 488 1283 meri
503 1214 653 1283 latorum
669 1214 759 1283 servi
770 1232 839 1281 non
850 1232 912 1280 sua
926 1216 1057 1298 sponte,
1068 1212 1128 1280 sed
1139 1213 1281 1280 immor-

65 1325 191 1392 talium
210 1324 355 1392 arbitrio
375 1326 528 1412 agentes,
550 1325 583 1389 et
602 1340 752 1408 quorum
775 1319 915 1388 miseria
940 1324 1058 1387 manat
1077 1338 1118 1387 ex
1134 1338 1174 1388 eo
1191 1320 1283 1405 quod

64 1431 262 1498 necessario
279 1435 313 1499 et
327 1430 446 1510 invita,
464 1448 554 1514 saepe
569 1429 672 1495 etiam
688 1447 757 1495 non
771 1426 907 1495 conscia
924 1429 1038 1493 mente
1052 1429 1285 1513 exsequantur

65 1541 127 1606 aut
151 1537 227 1604 Fati
254 1537 428 1615 mandata,
454 1538 514 1603 aut
538 1534 634 1602 libita
658 1536 820 1602 Deorum.
849 1531 948 1615 Dido,
974 1552 1014 1603 eo
1037 1534 1191 1621 tempore
1214 1552 1282 1621 quo

63 1648 155 1712 tecto
184 1663 248 1712 suo
271 1642 393 1729 recipit
416 1643 574 1721 AEneam‚
602 1647 695 1709 amat
718 1642 870 1721 larbam,
900 1640 1112 1708 Gaetulorum
1140 1658 1281 1728 regem3

63 1750 212 1820 Veneris
226 1752 341 1816 autem
357 1750 483 1834 placito
497 1750 534 1815 in
549 1749 669 1816 AEneae
683 1748 881 1833 amplexum
896 1746 1018 1827 fertur,
1030 1748 1138 1816 ethoc
1153 1765 1281 1826 amore,

62 1856 167 1944 cujus
186 1857 288 1942 culpa
303 1856 340 1922 in
359 1873 398 1921 ea
412 1871 482 1920 non
496 1857 560 1932 θεῖ,
577 1852 761 1920 adducitur
775 1856 892 1919 tamen
906 1853 950 1920 ad
965 1871 1140 1919 summam
1162 1853 1282 1938 despe-

61 1965 238 2032 rationem
258 1965 291 2029 et
309 1962 353 2029 ad
371 1965 519 2027 mortem
540 1959 862 2027 horrendissimam.
883 1959 1052 2026 Similiter
1071 1961 1210 2040 AEneas,
1228 1959 1284 2027 cui

61 2088 137 2138 non
151 2069 367 2156 propositum
387 2069 460 2134 erat
474 2067 512 2132 in
531 2066 639 2134 Didus
657 2067 736 2134 aula
754 2067 974 2147 commorari,
995 2066 1063 2134 lato
1084 2067 1121 2133 in
1144 2067 1284 2134 Cartha-

61 2177 163 2266 ginis
177 2179 317 2262 portum
336 2174 485 2262 cogitur,
503 2177 537 2240 et
560 2173 703 2261 Reginae
722 2190 876 2240 amorem
891 2174 1022 2258 patitur
1041 2173 1151 2241 multo
1171 2175 1284 2262 magis

62 2301 175 2370 quam
191 2281 332 2368 appetit.
349 2280 450 2347 Nullo
469 2280 571 2346 modo
590 2281 754 2364 nulloque
773 2284 926 2364 tempore
944 2281 1174 2365 spectantium
1190 2280 1283 2348 favo-

62 2408 145 2457 rem
158 2390 284 2474 captat,
301 2387 393 2472 quod
407 2388 501 2454 iners
515 2389 568 2453 est
582 2389 615 2453 et
634 2400 701 2453 non
714 2386 846 2472 judicio
865 2405 939 2465 suo,
957 2386 1016 2453 sed
1036 2386 1147 2454 aliena
1163 2388 1284 2454 volun·

61 2500 139 2565 tate
152 2495 303 2563 ducitur.

114 2603 187 2669 Hac
206 2600 329 2667 inertia
347 2601 381 2666 et
405 2600 468 2666 hac
493 2597 607 2684 inopia
627 2596 729 2665 liberi
750 2595 886 2665 arbitrii
910 2617 947 2665 re
969 2600 1067 2667 nulla
1089 2605 1281 2688 repensata,

61 2709 186 2777 fabula
200 2711 270 2775 tota
286 2705 451 2793 languida
466 2708 499 2771 et
521 2703 639 2793 segnis
653 2703 743 2772 iacta
757 2708 821 2784 est,
843 2700 972 2772 etenim
991 2723 1104 2792 neque
1124 2708 1284 2776 ardentes

62 2816 179 2883 Didus
193 2815 302 2882 animi
316 2812 513 2887 effusiones,
526 2829 637 2896 neque
654 2812 773 2879 AEneae
786 2812 1042 2897 aliquantulum
1057 2814 1284 2882 lacrimabilis

61 2940 184 3001 amor,
209 2939 320 3006 neque
339 2919 444 2986 etiam
468 2919 586 3005 plures
609 2916 690 2984 nodi
715 2918 858 2985 solerter
880 2919 1033 2986 intricati
1052 2923 1283 3007 spectantium

62 3029 206 3097 animos
220 3032 360 3094 movent
369 3026 423 3093 vel
438 3024 621 3092 delectant.
634 3025 726 3091 lnter
735 3043 791 3090 res
805 3044 825 3091 a
837 3025 1047 3094 Britannicis
1056 3029 1284 3114 scriptoribus

64 3137 241 3214 inventas,
258 3133 408 3219 insignis
422 3136 475 3198 est
487 3149 589 3198 scena
609 3150 676 3216 qua
695 3131 782 3198 Dido
800 3132 995 3200 ostenditur
1014 3135 1125 3201 Deum
1144 3136 1283 3223 Cupidi-

63 3258 152 3309 nem
171 3239 332 3307 manibus
347 3244 468 3305 tenens
482 3241 516 3304 et
534 3256 615 3305 eum
635 3238 838 3304 existimans
856 3258 931 3307 esse
944 3240 1147 3321 Ascanium,
1166 3243 1285 3310 AEneae

65 3346 197 3415 filium.
222 3345 307 3432 Ejus
330 3345 448 3412 subtili
477 3344 737 3430 periculosaque
768 3344 897 3412 virtute
925 3347 1034 3415 inscia
1062 3348 1282 3434 opprimitur.

66 3455 162 3521 Dum
177 3452 246 3520 Deo
260 3451 447 3533 blanditur,
464 3451 672 3538 colloquitur
689 3469 769 3518 cum
788 3453 898 3532 larba,
920 3469 1024 3539 quem
1045 3472 1165 3522 carum
1180 3456 1283 3523 habe-

66 3559 130 3628 bat
144 3560 329 3645 antequam
343 3557 472 3626 AEneas
490 3558 654 3637 venisset,
675 3561 710 3625 et
730 3554 830 3645 cujus
849 3576 967 3627 amore
991 3578 1028 3627 se
1051 3580 1187 3648 semper
1204 3581 1283 3650 cap-

68 3670 143 3733 tam
157 3665 278 3746 credit,
294 3665 454 3752 quamvis
470 3665 572 3732 heros
585 3664 753 3751 l'rojanus
768 3664 989 3734 vehementer
1007 3667 1165 3736 animum
1181 3683 1284 3738 suum

67 3771 230 3840 moverit.
257 3773 346 3838 Dum
367 3771 476 3839 menti
501 3790 572 3838 suae
592 3775 701 3858 paret,
727 3773 881 3841 Getulioo
894 3774 969 3862 regi
984 3793 1147 3862 responsa
1171 3776 1282 3856 mitia,

68 3884 189 3947 tenera
216 3877 322 3945 etiam
346 3878 472 3946 reddit.
506 3879 635 3946 Verum
663 3879 799 3965 quoties
827 3880 959 3966 Cupido
990 3881 1066 3968 ejus
1095 3901 1154 3950 cra
1181 3883 1219 3950 in
1249 3903 1285 3951 se

69 3983 232 4067 inflectit,
247 4002 393 4070 eamque
405 3985 585 4053 oculorum
599 3984 672 4053 acie
686 4003 830 4053 suorum
841 3991 1029 4072 permovet,
1041 3989 1144 4056 toties
1157 3990 1286 4059 AEncas

71 4095 193 4179 pectus
205 4091 349 4180 Reginae
362 4095 505 4178 occupat
519 4096 642 4159 totum.
660 4092 795 4159 larbam
813 4094 873 4178 qui
892 4112 1055 4179 praesens,
1072 4095 1104 4162 ei
1118 4096 1286 4166 molestus

71 4203 135 4280 est,
160 4198 249 4267 Dido
273 4198 363 4265 male
389 4199 514 4285 accipit
541 4198 703 4283 laeditque
733 4199 860 4278 verbis,
888 4204 922 4267 θῖ
944 4203 1083 4269 tandem
1109 4202 1285 4272 fastidiose

71 4305 232 4375 dimittit.
262 4304 432 4372 Callidum
455 4306 568 4373 adhuc
590 4310 643 4372 est
668 4305 855 4373 artificium
880 4325 964 4393 quo,
987 4308 1097 4375 AEnea
1119 4308 1282 4396 proiecto,

70 4413 208 4504 Regina
227 4410 355 4499 decipit
372 4411 480 4480 Iarbae
498 4412 702 4481 custodiam.
719 4412 896 4482 Getulicus
912 4430 983 4494 rex,
1000 4412 1153 4486 dolorem
1175 4415 1285 4484 Didus
