3120 5474
738 404 897 469 ..32-

213 576 263 641 uti
289 573 434 660 quibant
478 572 684 640 machinalis
715 573 868 640 scientiar
909 572 1060 651 artibus,
1095 591 1174 657 quae
1216 592 1398 661 magnopere

211 680 375 765 adjurant
406 680 449 745 ad
480 680 652 747 intuentes
680 680 891 766 gratissimis
915 679 967 744 rel
997 680 1191 759 oculorum,
1220 681 1273 747 vel
1294 679 1397 745 mentis

212 786 386 852 erroribus
416 786 581 851 tollendos
611 790 644 851 et
669 785 871 853 movendos.
896 786 978 851 Toto
1006 789 1096 861 actu,
1123 785 1296 853 interdum
1316 785 1397 851 etiarn

213 895 281 957 toto
296 892 501 976 spectaculo,
524 891 568 956 iis
589 910 656 957 non
677 892 826 957 liberum
849 893 933 967 erat,
959 890 1027 956 nisi
1054 891 1202 958 minimo
1226 892 1397 975 nulliusque

211 998 372 1081 ponderis
405 997 525 1071 modo,
558 998 711 1063 scenicas
741 998 876 1063 tleelere
905 996 957 1061 vel
990 1000 1125 1063 mutare
1156 997 1316 1082 picturas.
1344 997 1397 1061 lloe

211 1103 497 1187 impedimentum
518 1122 584 1169 non
603 1104 889 1168 rnolostissimum
906 1106 980 1168 erat
1001 1102 1046 1167 iis
1066 1103 1125 1187 qui
1142 1103 1331 1170 scribebant
1345 1104 1397 1167 tra·

210 1210 365 1295 goolirrm
381 1210 432 1275 vel
445 1209 649 1275 corrrrrrliam
660 1229 737 1293 quae
747 1210 945 1293 elossr'qoes
957 1208 1121 1274 dicuntur
1132 1210 1224 1294 qupd
1234 1228 1287 1275 res
1298 1209 1399 1275 harum

210 1314 404 1380 l'abularum
428 1315 545 1401 agitur
570 1318 637 1381 tota
659 1315 693 1380 in
714 1312 861 1399 publicis
881 1314 977 1391 locis,
1006 1318 1044 1380 ut
1064 1314 1099 1380 in
1116 1313 1189 1379 toro
1211 1314 1264 1381 vel
1287 1314 1322 1379 in
1342 1331 1400 1379 ves-

212 1421 330 1500 tibulo,
361 1426 394 1486 ot
422 1422 625 1505 plerumque
649 1438 667 1485 e
692 1438 917 1505 personarum
945 1419 1126 1505 colloquiis
1150 1423 1184 1485 et
1212 1420 1352 1486 narratis
1374 1418 1401 1483 in

210 1531 317 1593 totum
339 1530 492 1603 constat3
514 1526 763 1613 gravissimum
785 1530 900 1592 autern
922 1525 985 1591 suit
1006 1526 1049 1591 iis
1067 1526 1125 1610 qui
1149 1526 1269 1592 drama
1294 1542 1403 1592 novum

208 1634 390 1700 docebant.
420 1634 547 1698 lterum
577 1632 670 1697 enim
703 1632 874 1719 imagines
906 1650 983 1715 qum
1007 1631 1153 1697 scenicis
1185 1631 1329 1717 picturis
1353 1629 1405 1695 sru-

209 1742 340 1824 guntur
369 1739 404 1802 in
433 1738 496 1803 lrec
521 1735 718 1804 fabularum
742 1756 868 1823 genere
892 1736 1083 1821 saepissime
1110 1740 1312 1816 mutantur,
1336 1735 1407 1821 quin

208 1844 313 1909 etiam
328 1844 429 1909 toties
445 1842 638 1929 imaginum
653 1847 853 1928 prospectus
869 1843 1055 1909 mutandus
1074 1845 1127 1907 est
1144 1843 1280 1926 quoties
1298 1841 1409 1909 fabulae

208 1950 394 2016 vehemens
419 1967 599 2033 processus
622 1949 675 2013 rel
699 1948 779 2014 nodi
805 1947 1032 2013 mutationem
1058 1947 1155 2013 illam
1177 1948 1413 2043 postulantet

208 2055 272 2122 lrac
287 2056 465 2136 servitute,
482 2054 674 2121 britannica
691 2071 790 2120 scena
807 2071 875 2119 uno
891 2072 931 2119 ex
947 2053 1180 2119 incitamentis
1196 2072 1275 2138 quae
1294 2071 1413 2139 praeva-

207 2161 276 2228 lide
300 2162 457 2229 alliciunt
489 2160 661 2227 intuentes
689 2160 912 2245 spoliabatur.
944 2158 1088 2244 llajores
1122 2160 1267 2245 plausus
1297 2159 1417 2227 sabulis

208 2286 277 2335 nen
292 2269 397 2334 semel
414 2267 552 2334 excitati
569 2270 682 2332 essent
699 2267 727 2331 si
741 2285 836 2332 mora
850 2266 908 2331 illa
923 2284 992 2331 non
1007 2265 1210 2345 obstitisset,
1229 2284 1298 2350 qua
1314 2267 1418 2333 multe

208 2374 321 2460 magis
346 2374 530 2458 scriptores
554 2372 710 2456 impediti
726 2376 851 2452 essent,
870 2371 898 2437 si
915 2373 1119 2455 spectantes,
1136 2390 1243 2456 parvo
1257 2372 1418 2450 contenti,

208 2481 241 2548 vi
258 2498 312 2546 res
331 2480 447 2545 animo
469 2478 622 2565 fingendi
648 2496 716 2544 non
745 2478 779 2544 id
803 2478 1034 2562 explevissent
1056 2477 1146 2562 quod
1171 2477 1298 2563 pulpiti
1327 2496 1422 2545 orna-

150 2632 157 2647 ,
184 2585 335 2671 „mentis
360 2584 573 2668 scenicisque
601 2584 747 2668 picturis
771 2584 899 2649 deerat.
934 2583 997 2663 Qui
1022 2583 1155 2649 theatra
1184 2584 1370 2671 regebant,
1394 2584 1421 2651 si

162 2676 180 2783 ’·.ι
207 2711 247 2758 eo
263 2691 363 2758 modo
375 2672 446 2757 'riou
466 2690 605 2755 inhibiti
622 2689 779 2767 luissent,
796 2708 900 2774 prope
919 2707 1097 2756 summum
1112 2690 1371 2774 perduxissent,
1387 2694 1425 2757 ut

207 2796 396 2863 verisimile
428 2799 495 2875 est,
526 2796 678 2862 scenicas
704 2796 856 2879 picturas
879 2798 912 2861 et
936 2795 1179 2862 machinarum
1203 2798 1331 2863 artem.
1348 2799 1426 2863 Pos-

206 2903 328 2970 tremis
344 2902 437 2969 enirn
462 2902 499 2968 iu
522 2903 762 2989 llysteriorum
789 2901 881 2967 ludis
904 2901 987 2968 etin
1012 2902 1187 2968 larvarum
1216 2903 1437 2987 spectaculis.

206 3013 289 3076 tunc
317 3007 595 3094 frequentissime
620 3007 657 3074 in
684 3009 761 3074 aula
791 3007 886 3095 regia
914 3007 1028 3087 editis,
1060 3010 1150 3073 artes
1183 3007 1266 3086 illae,
1298 3009 1426 3076 iisdem

206 3115 465 3200 impedimentis
503 3131 572 3181 non
611 3113 848 3191 obstantibus,
893 3113 1045 3178 maxime
1075 3112 1149 3198 jam
1187 3118 1423 3182 accreverant.

206 3224 361 3306 Insuper,
385 3220 550 3306 quoniam
574 3219 749 3285 intuentes
777 3219 970 3302 spectacula
1000 3219 1058 3284 illa
1081 3219 1303 3300 adamabant,
1332 3222 1425 3306 quod

206 3327 428 3393 manifestum
459 3326 592 3392 iaciunt
632 3323 837 3409 pantomimi
863 3323 995 3389 medios
1030 3323 1120 3389 inter
1144 3326 1242 3390 aetus
1270 3327 1423 3409 prolati,

206 3433 332 3517 quibus
356 3432 381 3498 ii
397 3433 456 3517 qui
472 3432 605 3498 theatra
624 3430 794 3496 ducebant
813 3429 1032 3495 enitebantur
1056 3432 1095 3495 ut
1113 3428 1336 3496 scenicarum
1356 3433 1427 3517 pic-

205 3541 363 3605 turarum
378 3538 538 3604 lacunam
553 3535 741 3621 explerent,
761 3535 939 3619 plausibus
956 3535 1028 3601 suis
1038 3534 1119 3625 sine
1133 3534 1239 3602 dubio
1258 3554 1424 3625 progres-

205 3663 265 3711 sus
280 3643 417 3709 illarum
434 3643 562 3708 artium
576 3641 865 3726 properavissent.

249 3748 423 3833 Superiori
437 3748 548 3832 capite
564 3747 696 3814 reddita
710 3746 776 3813 tuit
786 3747 872 3814 ratio
885 3747 1190 3832 quemadmodum,
1204 3746 1279 3815 sine
1290 3768 1424 3839 magno

205 3854 403 3933 certamine,
421 3855 540 3921 drama
556 3871 685 3919 novum
700 3853 833 3920 fabulas
851 3854 893 3920 ad
908 3857 1064 3920 veterum
1080 3854 1255 3938 exemplar
1271 3857 1425 3941 scriptas

203 3960 429 4046 praecesserit,
455 3965 488 4026 et
511 3960 717 4047 tragaediam
745 3959 1020 4044 comoediamque
1043 3959 1079 4026 in
1103 3959 1303 4026 interiorem
1336 3962 1425 4048 reje-

204 4067 288 4134 cerit
303 4067 429 4132 locum.
447 4067 644 4149 Antequam
659 4067 844 4132 excesserit
858 4065 989 4151 praelio,
1006 4065 1173 4132 comoedia
1188 4068 1305 4132 tamen
1326 4086 1425 4152 pros-

203 4192 284 4259 pero
308 4171 454 4238 fortunae
478 4172 562 4237 tlatu
588 4172 721 4238 sublata
746 4174 809 4251 est,
835 4175 868 4238 et
883 4172 920 4238 in
942 4172 1092 4238 maxima
1113 4170 1179 4237 fuit
1197 4169 1324 4256 gratia,
1349 4190 1422 4240 non

203 4280 294 4364 apud
319 4279 496 4364 populum,
522 4295 643 4344 verum
666 4277 757 4363 apud
780 4277 939 4344 homines
961 4295 1029 4343 non
1055 4277 1262 4342 illitteratos.
1290 4278 1331 4343 ln
1355 4279 1423 4346 hec

202 4384 381 4470 fastigium
417 4387 575 4470 provecta
604 4382 669 4450 suit
697 4402 716 4448 a
746 4383 833 4449 Lilia
863 4383 922 4467 qui
952 4383 1189 4449 auctoritatem
1219 4384 1422 4452 conciliavit

202 4488 396 4556 ambitiosae
417 4490 614 4575 putidaeque
638 4489 674 4555 in
694 4489 863 4573 loquendo
883 4488 1068 4574 jactantiae,
1093 4488 1283 4556 simillimae
1307 4490 1420 4558 nimis

203 4595 373 4682 exquisito
402 4595 551 4663 sermoni
583 4615 651 4681 quo
680 4615 750 4662 usae
778 4599 860 4662 sunt
892 4598 1057 4663 matronae
1085 4614 1162 4681 quae
1186 4596 1331 4663 demum
1359 4597 1419 4666 cui
