3150 5476
69 104 103 173 in
124 107 244 176 libello
267 126 371 194 quam
396 106 432 174 in
450 107 527 175 aliis
556 108 770 175 dramatibus
794 126 833 175 eo
857 111 1010 194 tempore
1034 107 1159 175 litteris
1186 121 1280 174 man-

68 214 170 281 datis.
188 215 305 281 Scenae
320 216 458 282 tandem
474 215 633 281 oriuntur
644 216 720 283 aliae
736 235 777 282 ex
791 215 870 282 aliis
880 215 1002 301 aequali
1025 218 1154 293 tenore,
1180 217 1214 280 et
1232 213 1279 280 ita

68 325 235 389 contextae
254 325 335 388 sunt
353 326 391 389 ut
410 341 583 406 nusquam
606 323 731 407 aliquae
753 323 867 397 desint
888 323 941 390 vel
967 340 1086 389 earum
1105 323 1188 389 ordo
1203 339 1279 406 per-

67 429 239 495 turbetur.
256 428 290 495 Si
306 429 401 496 locus
417 448 436 495 a
452 431 566 514 Payno
581 430 725 496 Colliero
741 430 902 496 inventus
917 448 936 495 a
952 429 1114 496 llarlovio
1131 427 1280 513 scriptus

67 534 143 613 fuit,
161 539 194 602 et
211 554 280 601 non
299 539 351 601 est
374 555 453 620 pars
477 535 601 602 fabulae
624 538 794 620 posterius
818 539 1021 614 retractatae,
1043 536 1086 602 ab
1103 554 1142 601 eo
1166 538 1279 601 osten-

66 642 159 709 ditur
174 642 359 709 llarlovius
379 644 542 710 recidisse
557 644 724 728 quosdam
747 643 913 710 dramatis
934 642 1010 728 J‘am
1034 642 1161 729 incepti
1188 642 1279 708 locos

66 750 125 835 qui
149 750 180 816 ei
203 750 377 836 longiores
402 750 618 829 videbantur,
642 752 695 818 vel
714 750 852 817 brevius
871 752 1039 836 quasdam
1060 749 1278 834 rescripsisse

67 873 200 923 scenas.

108 964 249 1040 Drama,
276 963 500 1049 tripartitum,
524 965 703 1050 perspicue
723 983 807 1050 opus
823 965 906 1032 rude
930 983 970 1031 ac
997 964 1055 1031 vix
1079 963 1279 1030 inchoatum

66 1073 128 1136 est.
144 1070 332 1137 llarlovius
347 1071 536 1156 praecipuas
559 1090 614 1138 res
638 1092 655 1138 a
677 1071 796 1138 Guisio
819 1073 906 1138 duce
930 1075 1024 1138 actas
1047 1089 1065 1136 a
1092 1068 1278 1136 Parisiensi

65 1177 156 1242 caede
177 1177 343 1261 usquead
368 1176 443 1262 ejus
461 1181 608 1244 mortem
627 1180 706 1244 ante
727 1178 955 1264 spectantium
984 1179 1100 1244 oculos
1127 1176 1223 1262 ponit
1246 1177 1280 1241 et

64 1283 173 1370 agitat
198 1283 287 1350 serie
315 1285 589 1368 spectaculorum
617 1285 767 1352 tenuiter
791 1285 1039 1351 delineatorum
1062 1283 1188 1370 quibus
1216 1301 1279 1349 nec

63 1408 129 1469 res,
154 1408 219 1456 nec
242 1409 465 1475 personarum
491 1410 606 1458 mores
634 1395 791 1459 accurate
819 1392 1044 1476 explicantur.
1076 1392 1155 1458 Haec
1177 1389 1279 1456 citata

63 1515 181 1563 rerum
205 1498 385 1583 explicatio
406 1517 568 1585 magnam
595 1499 724 1567 indicat
743 1497 1010 1576 festinationem,
1035 1497 1103 1565 nisi
1123 1500 1239 1564 tamen
1260 1516 1278 1564 e

62 1604 239 1689 proposito
267 1605 410 1672 consilio
438 1604 587 1690 profecta
613 1606 670 1685 sit,
699 1625 804 1692 quam
833 1605 1064 1692 conjecturam
1088 1623 1157 1671 non
1184 1606 1278 1671 extra

62 1709 168 1777 tidem
188 1729 264 1777 esse
279 1711 369 1778 infra
395 1713 587 1779 ostendam.
609 1713 714 1794 Quale
734 1713 768 1780 id
789 1731 937 1799 cumque
952 1715 1015 1790 est,
1033 1713 1153 1779 drama
1168 1728 1279 1796 neque

62 1818 251 1902 voluptate,
263 1835 374 1902 neque
389 1819 493 1885 etiam
509 1818 634 1885 litteris
648 1803 781 1886 nudum
797 1823 905 1910 estet
920 1818 1081 1886 acriticis
1091 1819 1169 1904 plus
1180 1836 1278 1902 aequo

63 1927 220 2009 spretum
248 1923 326 1991 fuit.
353 1925 463 1991 Guisii
489 1943 673 2010 personam
697 1945 773 2012 quaa
798 1928 868 1993 sola
892 1929 1049 1993 accurate
1073 1925 1185 1992 efficta
1208 1927 1276 2002 est,

61 2048 168 2098 manu
193 2049 337 2097 nervosa
363 2031 574 2117 solerterque
597 2034 781 2100 lfarlovius
803 2033 999 2112 delineavit,
1018 2036 1051 2099 et
1075 2032 1180 2100 efficit
1204 2031 1278 2116 eJ'us

61 2137 253 2224 imaginem
290 2156 410 2223 quam,
442 2141 532 2224 apud
560 2140 755 2218 Britannos,
789 2158 886 2207 novae
920 2140 1099 2227 religionis
1126 2139 1277 2206 fautores

61 2245 178 2310 animo
216 2248 453 2330 conceperant.
488 2248 571 2313 Eam
604 2247 845 2327 describendo,
881 2247 1064 2315 Marlovius
1096 2245 1277 2313 confestim

60 2354 242 2436 recuperat
261 2354 294 2417 et
314 2355 427 2419 servat
446 2352 517 2419 vim
542 2372 659 2420 rerum
683 2358 797 2421 mento
821 2354 974 2442 fingendi
1000 2372 1105 2439 quam
1135 2353 1213 2419 aliis
1241 2352 1277 2418 in

61 2456 144 2524 locis
160 2457 319 2543 reprimit
334 2458 408 2525 sine
423 2458 528 2527 dubio
542 2478 586 2526 ne
600 2478 675 2527 rem
694 2460 935 2546 amplificando
951 2460 1053 2527 latior
1071 2461 1128 2538 sit,
1153 2460 1208 2526 vel
1234 2477 1277 2526 ne

61 2568 171 2632 certos
186 2568 325 2650 superet
339 2564 425 2633 fines
439 2568 499 2652 qui
515 2566 580 2634 sibi
596 2567 773 2634 constituti
789 2567 927 2634 fuerint.
943 2569 1039 2635 Tunc
1052 2566 1163 2633 Guisii
1178 2566 1276 2633 ducis

60 2689 244 2756 personam
263 2669 428 2739 informat
442 2677 514 2740 tam
533 2674 686 2741 valenter
710 2676 744 2740 et
761 2673 872 2760 perite
895 2691 1000 2758 quam
1023 2672 1218 2739 Tamerlani
1244 2674 1277 2738 et

61 2778 180 2845 Fausti
195 2776 328 2865 effigies
343 2779 537 2865 descripsit.
559 2781 630 2847 Hac
649 2779 776 2859 fabula,
804 2779 963 2866 quamvis
986 2779 1081 2847 vitiis
1111 2777 1273 2859 abundet,

59 2885 214 2970 primum
237 2903 373 2970 quoque
394 2887 572 2972 proposuit
595 2887 791 2972 exemplum
808 2886 990 2972 cujusdam
1016 2885 1172 2953 historici
1197 2885 1275 2952 dra-

60 2993 164 3058 matis
178 2992 299 3058 formae
314 2992 460 3060 ulterius
483 2993 521 3060 in
545 3011 683 3061 scenam
704 2994 852 3061 inductae
874 3013 893 3060 a
913 2993 1120 3079 scriptorum
1145 2990 1276 3059 familia

59 3116 137 3183 quae
155 3123 171 3158 α
188 3100 252 3165 Les
267 3100 514 3184 Romantiques
531 3126 546 3160 a
564 3104 715 3179 vocatur,
734 3100 825 3186 quod
845 3100 1041 3186 exemplum
1062 3117 1131 3166 non
1149 3099 1277 3184 pariter

58 3205 188 3290 praebet
212 3205 453 3286 Tamerlanus,
481 3207 657 3294 tragoediae
675 3207 789 3274 adhuc
811 3207 931 3273 multis
957 3206 1112 3292 partibus
1136 3206 1275 3274 similis.

59 3310 171 3396 Hujus
191 3314 307 3378 autem
330 3313 498 3380 dramatis
520 3314 705 3381 llarlovius
729 3314 886 3381 Eduardo
910 3313 1078 3393 Secundo,
1103 3316 1276 3398 postrema

59 3416 133 3504 ejus
151 3417 279 3498 fabula,
296 3424 576 3488 consummatum
591 3420 802 3506 praebiturus
821 3423 894 3488 erat
912 3421 1087 3505 exemplar
1103 3439 1170 3506 qup
1185 3420 1275 3485 adae-

58 3527 153 3610 quat,
171 3525 242 3592 imo
257 3531 406 3613 superat,
433 3528 643 3613 quibusdam
668 3528 836 3614 partibus,
862 3528 1024 3596 historica
1049 3526 1275 3613 Shakespeari

58 3632 228 3699 dramata.

103 3738 274 3806 Deficiunt
303 3740 445 3827 insuper
478 3742 570 3809 (laedi
600 3743 786 3810 Parisiensi
810 3760 927 3810 rerum
952 3741 1093 3809 strictus
1116 3743 1215 3808 tenor
1242 3744 1275 3808 et

58 3845 140 3912 nodi
164 3846 307 3934 tragicis
332 3855 364 3915 et
387 3848 575 3934 inopinatis
601 3850 732 3916 eventis
755 3848 888 3929 referti,
916 3849 1061 3917 ulterius
1089 3848 1126 3915 in
1154 3849 1273 3915 drama

58 3970 187 4020 novum
203 3971 223 4018 a
237 3955 399 4021 Marlovio
415 3955 489 4041 ipso
504 3955 665 4023 immissi.
684 3958 751 4024 Res
763 3959 880 4024 autem
894 3959 967 4023 tam
982 3957 1105 4024 acriter
1118 3955 1274 4022 celeriter

59 4076 125 4142 que
144 4063 298 4147 aguntur
316 4064 354 4127 ut
373 4066 577 4146 spectantes,
599 4062 725 4148 quibus
749 4063 803 4130 sui
827 4062 1012 4149 colligendi
1037 4061 1181 4129 facultas
1205 4079 1274 4128 non

57 4166 278 4251 relinquitur,
296 4167 395 4234 inviti
411 4170 526 4248 etiam,
540 4189 601 4256 per
615 4173 734 4238 eventa
750 4170 946 4237 trahuntur.
960 4170 1127 4253 Perpetuo
1142 4171 1269 4254 specta-

57 4273 135 4340 cula
151 4274 355 4362 spectaculis
375 4281 565 4360 mutantur,
591 4280 624 4345 et
647 4277 806 4367 quamvis
830 4276 1015 4367 aliquando
1038 4275 1128 4347 inter
1151 4291 1273 4345 senec
