3120 5474
695 351 852 416 ..38-

167 532 303 600 sextum
324 524 490 600 calendas
509 526 718 595 Februarias
739 522 794 614 (td
809 522 956 615 janviar)
971 527 996 593 ¹.
1018 523 1055 592 Si
1074 522 1117 593 de
1135 526 1232 611 patre
1249 523 1355 612 agitur,

168 654 273 724 super
285 652 409 703 novem
424 649 534 702 annos
553 631 666 700 illium
681 632 751 700 vita
767 631 953 718 superavit.

212 744 285 811 Non
302 741 470 828 ampliora
486 744 569 809 sunt
584 739 711 809 indicia
725 739 866 809 collecta
884 738 927 807 de
941 737 1144 825 parentibus
1160 739 1195 806 et
1212 738 1253 806 de
1270 738 1360 824 prima
1420 802 1422 809 .

168 849 400 920 adolescentia
417 848 504 934 ejus,
518 846 610 933 quod
626 846 689 915 tibi
705 864 774 914 non
788 846 918 914 mirum
931 844 1118 928 videbitur,
1135 845 1165 912 si
1180 844 1362 934 cogitaveris

169 976 273 1045 super
293 956 460 1025 ducentos
478 972 587 1021 annos
607 972 710 1041 opera
729 952 884 1021 Mariovii
905 956 939 1021 et
957 955 1163 1021 cunctorum
1181 951 1257 1039 ejus
1273 971 1364 1038 aqua·

170 1066 257 1134 lium
272 1063 333 1149 qui
348 1060 483 1130 tabulas
498 1059 727 1147 scripserunt,
745 1060 791 1128 ita
808 1060 845 1127 in
859 1059 1030 1128 oblivione
1040 1058 1196 1145 iacuisse
1213 1064 1364 1127 uteorum

171 1171 312 1241 nomina
335 1169 409 1256 ipsa
434 1185 567 1247 omnes,
596 1185 724 1253 paucos
751 1170 876 1255 praeter
902 1166 1077 1249 eruditos,
1114 1166 1320 1255 ignorarent.
1344 1167 1364 1233 11

171 1278 298 1347 tabulis
326 1280 507 1345 auctorum
530 1273 590 1359 qui
619 1273 854 1360 Sbakespearo
880 1271 1029 1360 majores
1056 1273 1111 1340 vel
1140 1272 1216 1360 ejus
1237 1274 1367 1359 aquales

170 1389 270 1454 aetate
300 1383 462 1462 suerunt,
500 1382 787 1464 thteaubriant,
828 1399 937 1470 quum
968 1383 1177 1468 opusculum
1209 1403 1308 1452 suum
1335 1384 1368 1451 de

172 1492 369 1561 Britannica
398 1488 493 1578 poesi
530 1488 684 1575 scripsit,
722 1489 837 1557 nultos
869 1488 1112 1578 cognoscebat,
1151 1490 1221 1558 nisi
1253 1489 1369 1559 tabulas

173 1599 363 1672 Gordobuc
390 1601 426 1665 et
449 1599 625 1670 Gammer
653 1599 824 1670 Gurtou's
846 1599 984 1670 Needte
1010 1599 1211 1687 inscriptas,
1240 1617 1369 1687 quarum

172 1707 267 1793 prior
282 1724 301 1773 a
316 1705 488 1773 Sackvillo
511 1707 591 1774 data
612 1706 690 1786 tuit,
708 1707 743 1774 id
764 1710 816 1775 est
838 1706 994 1775 inchoata
1014 1725 1054 1775 ac
1069 1707 1169 1776 rudia
1185 1726 1298 1795 opera.
1312 1707 1382 1789 Qua,

172 1811 327 1891 inscitia,
354 1811 397 1879 ad
416 1813 624 1881 sententiam
648 1812 832 1881 manifesto
851 1813 974 1882 falsam
992 1813 1162 1882 deductus
1182 1813 1260 1894 suit,
1279 1831 1373 1900 quum

173 1916 391 1985 confirmavit
423 1936 603 1986 summurn
633 1920 872 1989 Britannicum
900 1923 1058 2007 poetam,
1089 1921 1372 2008 Sbakespearum,
1405 1986 1410 1995 ,

173 2024 312 2114 generis
326 2024 418 2110 quod
432 2025 553 2092 drama
569 2044 698 2094 novum
712 2027 841 2096 dicitur
856 2027 1011 2113 primurn
1031 2030 1066 2095 et
1084 2028 1199 2096 solum
1214 2031 1374 2096 auctorem

173 2133 293 2201 fuisse.
311 2131 468 2199 Britanni
484 2132 550 2218 ipsi
573 2133 616 2201 de
640 2133 695 2200 bis
718 2133 864 2202 vetustis
885 2134 1023 2220 scriptis
1042 2134 1156 2200 solum
1171 2134 1264 2202 circa
1278 2134 1374 2202 mille·

176 2240 307 2308 simum
334 2239 661 2328 octingentesimum
689 2240 893 2309 vicesimum
920 2239 1033 2329 (1820)
1061 2257 1194 2308 annum
1222 2243 1262 2308 P.
1285 2243 1320 2309 G.
1341 2241 1374 2306 N.

176 2347 401 2423 curaverunt,
431 2350 465 2412 et
500 2346 714 2414 Viliemanus
742 2345 969 2436 (Vittcmaim)
1000 2347 1091 2414 inter
1122 2348 1273 2433 primos,
1303 2347 1377 2414 forte

176 2454 323 2540 primus,
348 2470 403 2519 res
427 2452 470 2519 ab
491 2452 534 2518 iis
558 2452 714 2519 inventas
735 2451 829 2538 justa
853 2451 1009 2537 pensavit
1031 2452 1263 2539 aestimatione
1280 2470 1378 2541 quum

176 2561 219 2628 de
230 2558 521 2646 illisjudicavitin
532 2561 695 2645 praeclaro
706 2559 1377 2645 opuscuioquod«Doctorumuiarium»

177 2666 286 2735 edidit
303 2667 327 2732 ².

220 2772 350 2840 Indicia
364 2790 442 2859 quae
456 2774 626 2839 testantur
641 2772 846 2840 Marlovium
865 2772 993 2842 vixisse
1008 2776 1042 2842 et
1056 2775 1240 2862 scripsisse
1255 2776 1380 2863 paucis-

180 2880 269 2947 sima
289 2881 382 2946 sunt.
408 2879 533 2947 vocata
555 2878 696 2948 inerunt
718 2898 736 2948 e
757 2880 909 2971 tenebris
931 2881 968 2947 in
982 2881 1096 2949 lucem
1111 2883 1385 2972 indagationibus

179 2987 306 3055 abhinc
321 2986 491 3054 institutis
505 2990 539 3054 et
553 2986 670 3054 animo
686 2987 855 3073 percipies
871 2988 946 3055 sine
960 2988 1065 3056 dubio
1080 2990 1208 3074 quibus
1223 2991 1386 3078 objicibus

179 3095 204 3161 ii
222 3095 283 3180 qui
299 3094 404 3180 primi
426 3093 609 3160 materiam
633 3093 889 3178 inquisiverunt
908 3093 1047 3161 fuerunt
1071 3095 1243 3180 impediti,
1270 3114 1385 3183 quum,

179 3201 313 3269 duobus
342 3206 419 3288 post
448 3201 599 3279 sarculis,
631 3201 838 3267 tentaverint
861 3203 899 3267 ut
922 3201 1048 3268 seriem
1069 3220 1201 3282 rerum,
1222 3206 1388 3271 vetustate

179 3312 329 3394 ruptam,
347 3309 467 3377 ordino
481 3308 712 3393 disponerent.
730 3308 860 3374 Eorum
870 3308 1054 3394 principes,
1072 3311 1212 3395 Paynus
1226 3311 1389 3377 Collierus

180 3422 213 3484 et
235 3417 429 3484 Alexander
451 3415 577 3501 Dycius
603 3411 808 3502 (Alexander
833 3406 936 3503 Dyce)
959 3416 1018 3500 qui
1034 3416 1287 3501 perfectissime
1305 3420 1389 3484 Mar-

180 3524 262 3591 iovii
281 3523 414 3589 tabulas
429 3521 549 3601 edidit,
567 3521 614 3587 ita
630 3526 745 3588 tarmen
760 3522 972 3609 collegerunt
988 3522 1206 3602 documenta,
1225 3529 1265 3591 ut
1280 3524 1390 3602 facile,

180 3632 235 3697 bis
249 3629 466 3716 J'uvantibuS,
482 3612 631 3713 speciem
645 3628 770 3708 brevis,
788 3629 966 3713 impacatae
980 3633 1095 3697 autem
1112 3634 1145 3696 et
1155 3631 1299 3718 tragicae
1314 3620 1393 3698 vitae

181 3737 256 3824 ejus
286 3736 349 3804 tibi
376 3735 499 3822 fingas.
526 3735 631 3822 Cujus
656 3736 735 3803 vitae
757 3736 856 3803 initia
880 3740 996 3804 tamen
1019 3740 1090 3804 tarn
1115 3737 1232 3823 quieta
1254 3738 1396 3807 fuerunt

181 3862 286 3929 quam
302 3843 466 3929 postremi
483 3843 563 3909 anni
578 3843 782 3928 perturbati.

226 3955 464 4019 Durovernum
489 3949 737 4039 (Cantorberp),
763 3954 801 4018 ut
825 3951 952 4018 Oxonia
975 3950 1142 4041 (Oxiam),
1171 3952 1263 4019 inter
1292 3954 1397 4021 urbes

181 4061 428 4127 Britannorum
461 4059 635 4125 notatione
666 4059 791 4146 dignas
819 4062 1034 4138 numeratur,
1063 4063 1096 4125 et
1125 4059 1161 4125 in
1183 4059 1280 4126 nulla
1309 4060 1399 4128 forte

182 4166 348 4234 memoria
385 4169 419 4233 et
456 4183 570 4232 mores
607 4170 744 4252 patrum
783 4166 919 4233 fidelius
948 4170 1140 4233 servantur.
1178 4167 1398 4235 Peculiarem

182 4275 332 4360 speciem
356 4276 450 4341 sexto
480 4273 615 4341 decimo
636 4275 674 4340 P.
691 4275 726 4340 C.
753 4274 941 4340 mserum
970 4274 1123 4359 apertius
1146 4274 1260 4342 adbuc
1288 4295 1399 4360 quarn

182 4380 347 4448 hodierno
377 4382 433 4449 die
461 4379 675 4467 praeferebat,
701 4400 810 4466 quum
835 4384 1062 4448 monumenta
1084 4398 1146 4448 sua
1169 4398 1240 4448 non
1261 4387 1399 4452 vastata

214 4647 224 4683 ¹
238 4643 307 4696 1661.
321 4644 393 4698 John
406 4646 516 4710 Mariae,
531 4646 604 4698 clare
617 4646 647 4698 ot
658 4645 696 4699 8³⁰
712 4646 809 4700 Marias
822 4661 878 4700 was
891 4647 988 4700 buried
1000 4656 1026 4713 y·
1038 4647 1108 4700 16111.
1125 4645 1153 4698 oi
1164 4645 1298 4712 January.

213 4725 354 4779 ²Journat
363 4727 407 4778 dea
421 4727 548 4792 Saccnts,
561 4729 647 4781 annea
660 4727 730 4780 1856.
