3120 5474
110 571 214 637 Nullo
238 570 349 658 igitur
369 569 471 636 modo
489 587 629 636 necesse
647 572 710 649 est,
741 571 770 637 si
795 570 857 638 tibi
877 571 913 637 in
937 570 1053 637 animo
1069 572 1120 639 est
1138 571 1280 639 reddere

64 679 238 746 rationem
266 676 559 764 quemadmodum
587 677 772 746 Marlovius
791 678 826 745 in
852 679 1041 764 discipulos
1064 679 1201 766 collegii
1223 679 1279 746 cui

64 788 174 854 Benet
206 804 333 853 nomen
361 790 537 872 coaptatus
560 787 645 864 erit,
673 788 793 854 credas
819 807 968 874 puerum
1000 791 1094 855 tanto
1120 789 1278 855 acumine

64 894 200 982 ingenii
221 893 417 979 praeditum,
448 894 539 960 inter
562 894 799 961 alimentarias
828 914 952 981 pueros
971 896 1132 963 allectum
1157 895 1276 961 luisse.

63 1003 115 1068 Ita
131 1001 274 1087 quidem
290 1001 555 1088 Gunninghamo
579 1001 695 1067 visum
718 1005 781 1068 est.
809 1003 937 1070 Verum
953 1003 1061 1070 certis·
1082 1002 1279 1070 auctoribus

64 1127 136 1175 non
165 1110 381 1193 compertum
409 1111 459 1174 est
489 1127 570 1175 eum
599 1108 690 1175 inter
725 1109 812 1177 Ludi
846 1110 934 1198 regii
964 1110 1153 1196 discipulos
1178 1128 1278 1194 supe-

64 1216 193 1283 riorem
218 1216 333 1282 locum
356 1214 499 1282 scientia
518 1216 684 1282 tenuisse.
708 1217 781 1282 lmo
801 1217 916 1284 nescio
932 1236 974 1284 an
991 1218 1119 1284 artium
1144 1216 1279 1282 bacala-

62 1322 139 1388 rius
167 1324 201 1388 et
230 1321 398 1408 magister
425 1321 535 1389 lactus
564 1326 654 1389 esset
682 1323 710 1388 si
742 1324 884 1389 scientia
912 1323 987 1411 ejus
1010 1324 1279 1410 diligentissime
1307 1408 1317 1417 .

62 1449 234 1515 perpensa
254 1429 387 1507 fuisset,
413 1431 566 1497 Amores
581 1429 674 1496 enim
689 1429 802 1496 Ovidii
822 1430 858 1496 in
875 1430 1107 1498 britannicam
1122 1432 1279 1519 linguam

62 1534 316 1615 transferendo,
346 1536 538 1622 saepissime
566 1537 729 1622 peccavit,
761 1556 802 1603 ex
832 1557 900 1622 quo
927 1541 1070 1623 apparet
1092 1558 1172 1606 eum
1209 1556 1279 1605 non

62 1642 295 1730 intelligentia
310 1642 440 1729 linguae
453 1643 568 1710 latinae
588 1643 916 1729 praestantissimum
937 1643 1057 1711 fuisse.

107 1751 158 1816 Ex
174 1749 290 1816 Indice
304 1750 453 1834 quadam
469 1750 656 1817 didicimus
676 1751 880 1818 llarlcvium
905 1754 984 1819 ante
1005 1752 1098 1819 diem
1117 1751 1278 1837 quintum

61 1857 240 1924 decimum
255 1857 415 1923 calendas
429 1858 581 1936 llartias,
602 1875 693 1923 anno
712 1859 750 1924 P.
774 1858 809 1924 G.
833 1859 877 1925 N.
900 1859 1084 1925 millesimo
1108 1860 1278 1947 quingen-

63 1965 188 2031 tesimo
205 1965 415 2050 octogesimo
430 1964 543 2050 primo
560 1962 606 2050 (le
623 1971 664 2029 17
681 1983 782 2031 mors
803 1963 901 2052 1581)
924 1969 956 2031 et
976 1967 1121 2050 septimo
1145 1967 1279 2033 decimo

62 2071 175 2138 aetatis
204 2089 276 2138 suae
304 2088 394 2137 anno
426 2070 585 2151 ineunte,
620 2070 656 2136 in
689 2071 972 2159 Cantabrigiense
1004 2073 1193 2160 Collegium
1222 2073 1279 2140 cui

62 2197 191 2246 nomen
221 2204 235 2237 ι(
260 2179 397 2244 Benet»
424 2176 586 2244 allectum
615 2175 723 2243 fuisse
738 2180 761 2243 ¹.
784 2179 952 2245 Praeterea
975 2179 1167 2266 gratiarum
1191 2179 1280 2246 liber

62 2288 215 2354 declarat
233 2303 326 2363 eum,
348 2302 438 2350 anno
459 2285 495 2349 P.
516 2285 551 2350 G.
573 2287 614 2351 N.
634 2284 821 2350 millesimo
841 2287 1120 2372 quingentesimo
1142 2289 1277 2374 octoge-

61 2395 152 2461 simo
180 2394 282 2460 tertio
311 2390 424 2480 (1583)
463 2390 601 2458 Artium
640 2393 878 2460 Baccalarium
919 2393 1048 2460 factum
1082 2393 1210 2474 fuisse,
1245 2396 1279 2461 et

60 2502 281 2589 Magistrum,
294 2517 384 2567 anno
400 2499 438 2564 P.
456 2500 491 2565 G.
511 2501 550 2564 N.
570 2499 757 2566 millesimo
771 2501 1051 2587 quingentesimo
1068 2502 1278 2589 octogesimo

61 2610 210 2694 septimo
245 2607 372 2697 (1587).
402 2610 432 2675 Α
470 2609 652 2676 Francisco
690 2611 955 2698 Cunninghamo
995 2609 1150 2698 (Francis
1186 2613 1276 2683 (luu-

59 2714 269 2803 ningham),
295 2715 392 2801 Dycii
418 2716 587 2802 discipulo
616 2721 649 2783 et
672 2718 800 2795 amico,
827 2718 1043 2804 legionisque
1074 2718 1278 2785 britannicae

61 2822 305 2908 subpraefecto,
331 2822 390 2908 qui
415 2823 622 2893 Marloviana
651 2843 753 2910 opera
779 2825 904 2904 edidit,
936 2826 1121 2910 quaesitum
1153 2829 1205 2892 est
1233 2844 1277 2892 an

60 2931 246 2998 Marlovius
261 2949 322 3014 per
337 2934 484 3015 quatuor
500 2948 608 2998 annos
629 2932 719 2999 inter
732 2933 819 3000 duas
845 2933 978 3018 palmas
1002 2933 1033 2998 ei
1054 2933 1150 2999 datas
1169 2933 1276 2998 inter-

60 3039 189 3123 positos
218 3037 381 3104 continuo
411 3038 756 3126 cantabrigiensibus
781 3038 927 3105 Athenis
947 3038 1164 3104 habitaverit.
1186 3065 1200 3098 «
1221 3039 1274 3117 Si,

58 3146 175 3231 inquit
207 3145 507 3232 Cunninghamus
535 3165 553 3212 e
580 3146 714 3213 duobus
743 3145 898 3212 blarlovii
938 3145 1184 3230 condiscipulis
1216 3147 1275 3231 qui

61 3252 195 3320 fabulas
220 3252 445 3336 scripserunt,
472 3272 575 3333 unuS,
602 3255 750 3320 Thomas
780 3252 885 3330 Nasb,
915 3269 975 3336 per
1007 3256 1137 3337 septem
1167 3270 1276 3319 annos

60 3363 403 3449 cantabrigiensibus
419 3365 586 3430 remansit
601 3363 759 3442 Athenis,
776 3362 903 3448 quibus
916 3359 1079 3445 expulsus
1090 3358 1275 3445 fuitquum

57 3468 512 3554 jamineoessetutartium
524 3466 1272 3558 magisterfieret,alter,RobertusGreenuS,

61 3576 94 3642 in
119 3577 258 3644 ltaliam
283 3576 374 3642 etin
400 3578 601 3662 Hispaniam
626 3578 780 3662 primum
810 3578 875 3642 iter
899 3575 991 3654 fecit,
1018 3577 1051 3641 et
1075 3574 1182 3641 vitam
1204 3575 1276 3662 egit

61 3685 184 3751 deinde
199 3683 343 3770 flagitiis
363 3681 513 3749 deditam
530 3685 713 3766 antequam
734 3682 873 3748 easdem
892 3681 1026 3766 palmas
1045 3677 1161 3746 ferret.
1183 3679 1274 3746 Fieri

61 3808 140 3878 ergo
156 3790 268 3877 potuit
286 3793 324 3856 ut
339 3788 462 3854 iisdem
475 3789 671 3856 studiorum
687 3806 830 3855 suorum
846 3787 1072 3873 temporibus,
1089 3787 1273 3855 Marlovius

61 3896 94 3963 in
119 3902 280 3965 externas
305 3899 417 3962 terras
446 3895 511 3961 iter
534 3895 664 3962 fecerit.
691 3896 932 3962 Durovernum
956 3894 1055 3980 cujus
1080 3898 1162 3962 natu
1188 3895 1274 3963 civis

62 4002 135 4083 luit,
163 4004 316 4089 positum
343 4006 416 4069 erat
435 4002 471 4068 in
496 4003 551 4070 via
576 4003 649 4088 ipsa
672 4021 778 4087 quam
804 4002 1030 4070 ambulabant
1052 4006 1217 4089 vagantes
1241 4007 1274 4070 et

62 4113 225 4180 audentes
258 4112 388 4179 milites
424 4113 484 4198 qui
525 4113 756 4180 Leicesterum
791 4111 986 4201 (Leicester)
1026 4115 1059 4180 et
1095 4111 1273 4178 Sidneium

64 4216 213 4307 (Sidney)
234 4218 324 4305 apud
345 4222 489 4288 Batavos
513 4220 665 4287 comitati
690 4223 783 4286 sunt.
807 4219 888 4306 Ejus
907 4220 966 4306 qui
987 4219 1124 4306 penitus
1144 4218 1180 4284 in
1200 4236 1273 4284 rem

63 4325 267 4412 introspicit,
283 4326 422 4393 animus
440 4346 480 4393 eo
503 4327 616 4414 magis
640 4327 784 4395 inclinat
807 4332 846 4395 ut
869 4329 986 4395 credat
1009 4326 1213 4394 Marlovium
1238 4344 1274 4391 se

65 4418 248 4499 bellis'illis
263 4433 507 4511 immiscuisse,
520 4435 611 4517 quod
626 4434 657 4500 is
673 4433 721 4500 rei
734 4434 896 4501 militaris
906 4452 1036 4521 gnarus
1047 4432 1112 4500 luit
1126 4434 1160 4499 et
1173 4451 1272 4500 voca·

90 4697 98 4731 ¹
115 4690 194 4741 Xrol.
211 4688 400 4754 lllarlyn1583.
415 4691 446 4742 A.
460 4692 487 4741 Β.
499 4718 530 4728 -
539 4691 611 4743 Chr:
627 4691 729 4758 Marley
740 4690 809 4742 1581.
824 4692 853 4743 Α.
866 4692 900 4745 Μ.
918 4690 1079 4754 Cambridge
1094 4688 1273 4743 Gracc-Book.

64 4769 148 4835 loyce.
164 4771 214 4820 loc.
227 4769 271 4818 cil.
286 4784 311 4836 p.
328 4770 406 4837 XlllJ.
