3120 5474
837 382 954 449 -110
975 420 1012 431 -

325 561 457 630 cunctis
472 560 565 629 enim
580 558 617 628 in
631 558 757 627 sabulis
779 558 853 625 suis
875 575 944 624 non
968 576 1047 626 vere
1072 559 1287 627 adumbratae
1309 560 1343 626 ct
1366 559 1498 629 1111010

323 670 441 738 100100
456 671 547 736 0111.
564 667 653 734 Vitia
668 668 783 734 autem
799 665 870 745 illa,
888 666 926 732 ut
941 665 1023 734 vitia
1037 664 1196 752 superius
1212 668 1342 747 notata,
1358 665 1500 747 oriuntur,
1559 740 1560 743 Ἴ

323 775 483 865 quamvis
498 774 606 841 multo
623 772 751 852 minus,
768 771 987 839 evirtutibus
1007 773 1148 841 modum
1168 772 1421 841 excedentibus.
1443 773 1502 841 111-

323 882 427 973 gendi
443 879 576 961 aviduS,
599 879 782 947 llarlovius
805 882 1092 966 argumentorum
1114 897 1258 947 suorum
1286 881 1400 966 partes
1422 879 1505 947 serias

323 988 538 1077 tragicasque
553 985 773 1073 potissimum
788 985 992 1071 respiciebat
1006 990 1039 1053 et
1054 985 1249 1074 peragebat.
1269 985 1415 1055 Fervida
1431 984 1506 1075 inge

323 1095 380 1162 nio
395 1095 567 1180 abreptae,
583 1092 740 1160 animum
757 1092 902 1159 babebat
916 1109 978 1160 nec
992 1092 1179 1178 patientem
1194 1091 1337 1172 laboris,
1354 1110 1415 1160 nec
1433 1092 1507 1160 seda-

324 1206 399 1269 tum
417 1201 490 1289 ejus
513 1201 571 1286 qui
593 1218 630 1266 se
648 1198 743 1267 dedit
761 1199 803 1266 ad
824 1199 935 1266 lentas
954 1201 987 1265 et
1006 1197 1258 1266 intentissimas
1278 1198 1455 1266 hominum
1470 1217 1508 1265 re·

324 1326 470 1395 rumque
485 1300 743 1394 disquisitiones
757 1305 884 1391 quibus
900 1305 1068 1372 comoedia
1083 1305 1183 1373 valet.
1195 1305 1240 1372 Ut
1254 1305 1310 1371 his
1325 1305 1473 1372 minimis
1487 1305 1511 1371 et

323 1416 433 1483 acutis
447 1414 550 1481 rebus
566 1413 720 1480 sedulam
735 1429 874 1498 operam
889 1412 997 1493 daret,
1013 1429 1153 1478 necesse
1168 1409 1291 1479 suisset
1306 1411 1374 1479 sibi
1389 1410 1512 1480 nimiam

323 1522 430 1590 animi
457 1521 657 1589 servitutem
685 1518 890 1608 injungeret.
921 1521 989 1586 Nec
1016 1537 1090 1586 rem
1119 1518 1312 1604 experitur,
1342 1536 1405 1587 nec
1426 1518 1513 1585 etiam

324 1629 366 1697 ad
383 1630 470 1696 banc
484 1626 725 1714 experiendam
740 1643 869 1711 pronus
883 1627 946 1693 est.
964 1623 1108 1693 Etiamsi
1124 1624 1212 1692 banc
1226 1624 1417 1711 perficeret,
1431 1624 1514 1693 ardor

324 1738 358 1803 01
383 1736 532 1821 impetus
559 1732 633 1820 ejus
661 1733 745 1800 adeo
772 1731 1007 1799 consedissent
1031 1733 1069 1798 ut
1092 1731 1200 1798 animi
1224 1732 1332 1818 tepidi
1356 1733 1515 1800 flammam

324 1845 357 1909 et
371 1841 443 1909 vim
461 1840 615 1928 fingendi
635 1857 702 1906 101
724 1839 798 1907 0110
820 1857 946 1927 magno
965 1838 1080 1906 labore
1103 1836 1286 1921 refoveret,
1313 1839 1362 1907 ita
1385 1841 1423 1906 ut
1443 1855 1532 1909 noxa.

324 1947 448 2015 tabulae
463 1948 517 2013 1110
532 1946 673 2014 alternis
693 1945 826 2013 vicibus
847 1944 942 2011 illata
961 1963 1029 2011 non
1050 1947 1146 2030 parte
1165 1945 1296 2013 comica
1316 1948 1515 2032 pensaretur.

325 2054 502 2134 Similiter,
524 2052 695 2120 fervidum
717 2051 791 2138 ejus
814 2050 996 2138 ingenium
1014 2068 1233 2137 nequaquam
1252 2054 1373 2138 aptum
1396 2054 1466 2119 erat
1484 2048 1519 2119 ad

325 2160 575 2228 intentissimas
594 2159 702 2225 animi
727 2158 965 2245 indagationes
986 2160 1020 2224 et
1043 2157 1295 2244 adexquisitas
1318 2162 1352 2225 et
1381 2159 1519 2227 diversas

325 2267 571 2353 descriptiones
586 2285 662 2351 quae
680 2265 919 2332 desiderantur
946 2264 989 2331 ab
1010 2281 1049 2331 00
1074 2265 1133 2350 qui
1154 2265 1341 2333 muliebres
1365 2265 1520 2354 imagines

326 2375 362 2441 in
378 2391 515 2442 scenam
537 2373 680 2439 inducit.
699 2373 798 2437 Forte
817 2389 951 2457 quoque
971 2389 1039 2437 non
1058 2370 1101 2438 ad
1125 2390 1199 2438 rem
1222 2372 1423 2441 tentandam
1444 2369 1521 2438 solli·

326 2481 496 2548 citabatur
524 2482 707 2563 conspectu
735 2478 788 2545 vel
817 2477 1064 2545 consuetudine
1092 2478 1279 2546 mulierum
1310 2479 1462 2566 exempla
1486 2475 1520 2544 ad

326 2585 533 2652 imitandum
547 2584 822 2670 proponentium,
835 2585 1000 2652 mulieres
1015 2585 1108 2652 enim
1118 2585 1188 2652 illae
1198 2585 1289 2673 apud
1300 2589 1409 2654 000110
1423 2583 1519 2653 bomi-

324 2710 408 2759 num
425 2709 609 2777 pravorum
630 2691 724 2758 etad
744 2692 934 2776 nequitiam
957 2691 1184 2760 abductorum
1209 2693 1352 2779 inques
1375 2693 1519 2779 frequens

326 2799 483 2867 veniebat
497 2796 647 2884 proiecto
662 2798 850 2866 rarissimae
867 2801 976 2880 erant,
993 2799 1022 2866 si
1039 2800 1140 2866 modo
1154 2818 1223 2867 una
1238 2817 1394 2886 unquam
1417 2800 1453 2867 in
1473 2797 1517 2864 bis

326 2906 410 2974 locis
425 2908 557 2990 reperta
577 2903 690 2972 tuerit.
716 2905 843 2972 Verum
867 2924 935 2991 quo
958 2906 1071 2994 magis
1095 2906 1281 2974 Marlovius
1301 2925 1364 2975 suo
1386 2906 1517 2992 impera·

326 3013 433 3082 visset
458 3011 572 3078 ardori
600 3014 633 3078 et
660 3011 732 3079 vim
762 3030 859 3078 snam
889 3012 1004 3079 animo
1027 3012 1179 3102 fingendi
1203 3013 1471 3099 temperavisset,
1487 3027 1518 3076 eo
1550 3068 1553 3073 .

327 3118 479 3200 facilius,
508 3122 753 3207 argumentum
777 3138 878 3186 suum
910 3138 1032 3206 regens
1061 3123 1094 3186 et
1122 3138 1190 3186 non
1218 3120 1277 3186 1110
1304 3123 1430 3201 rectus,
1457 3133 1517 3184 ren

328 3224 572 3312 exploravisset
587 3228 692 3291 totam
714 3229 747 3292 et
771 3244 890 3292 omnes
912 3225 1016 3313 hujus
1032 3229 1146 3312 partes
1170 3226 1213 3293 ad
1235 3225 1397 3295 effectum
1416 3227 1516 3312 postu·

328 3332 436 3400 latum
451 3330 661 3413 adduxisset.
679 3331 834 3417 Spatium
849 3332 914 3399 sibi
931 3332 1080 3400 dedisset
1094 3335 1226 3419 partem
1241 3333 1408 3400 comicam
1423 3331 1463 3399 ab
1474 3347 1515 3397 ar·

328 3441 492 3526 gumento
506 3437 708 3516 deducendi,
729 3441 763 3504 et
782 3438 967 3505 muliebres
983 3439 1153 3526 imagines
1170 3439 1331 3507 solertius
1350 3442 1385 3507 et
1407 3436 1516 3506 rectius

328 3543 458 3612 effictas
491 3544 527 3610 in
560 3543 645 3611 illud
674 3544 937 3612 intromittendi.
972 3546 1058 3612 Rem
1090 3545 1315 3632 posteriorem
1350 3544 1517 3613 tentavisse

326 3651 473 3730 videtur,
496 3650 629 3719 viribus
645 3654 760 3719 autem
776 3651 848 3719 suis
864 3651 970 3719 nimis
985 3651 1182 3732 diffidendo,
1203 3671 1313 3738 quum
1327 3647 1516 3719 Valesiensis

326 3757 479 3824 lsabellae
502 3775 684 3844 personam
712 3758 748 3825 in
776 3776 914 3825 scenam
944 3759 1080 3826 induxit
1107 3764 1141 3827 et
1163 3759 1258 3827 velut
1282 3759 1407 3845 primis
1432 3753 1518 3824 lineis

327 3863 532 3953 designavit.
566 3865 678 3946 Quum
707 3867 822 3932 autem
856 3866 887 3931 ei
910 3865 946 3931 11
970 3865 1086 3932 animo
1119 3865 1241 3932 fuisset
1273 3884 1346 3932 1011
1371 3863 1518 3933 fidentius

327 3970 482 4057 aggredi,
508 3969 596 4038 hanc
624 3971 758 4039 felicius
780 3974 814 4038 et
839 3972 972 4040 artibus
995 3973 1135 4061 ingenio
1161 3970 1519 4040 suoconvenientibus

327 4076 504 4144 effecisset.
530 4077 681 4144 Patriam
698 4097 835 4146 scenam
857 4079 1084 4146 muliebribus
1107 4079 1321 4168 imaginibus
1345 4076 1521 4147 ornavisset

326 4182 614 4272 germanissimis,
637 4185 844 4270 quibusdam
861 4186 1028 4272 partibus,
1049 4187 1257 4273 perennibus
1275 4186 1399 4276 figuris
1418 4206 1437 4254 a
1454 4185 1522 4254 Sba

326 4290 491 4376 kespearo
506 4291 666 4359 inventis.
683 4293 845 4374 Quaedam
861 4313 878 4360 e
893 4294 1105 4362 carminibus
1121 4294 1165 4361 ab
1186 4311 1225 4360 eo
1249 4293 1400 4380 scriptis,
1426 4295 1524 4362 osten·

327 4395 414 4463 dunt
428 4416 507 4465 cum
527 4416 637 4483 operae
652 4417 721 4466 non
736 4399 904 4487 imparem
921 4400 1039 4468 fuisse.
1448 4484 1451 4491 Ι

371 4503 448 4569 Jam
466 4508 589 4572 natura
609 4505 793 4594 insigniter
815 4508 980 4593 praeditus
1002 4507 1190 4576 virtutibus
1213 4507 1245 4573 ei
1268 4506 1328 4592 qui
1346 4505 1481 4575 tabulas
1494 4503 1526 4572 in

328 4625 466 4676 scenam
498 4610 630 4679 inducit
661 4611 812 4679 maxime
839 4613 1063 4695 necessariis,
1096 4613 1279 4683 Marlovius
1307 4613 1529 4700 praeterhac

328 4716 579 4805 opportunitate
606 4719 771 4809 temporis
800 4723 834 4789 et
863 4739 980 4791 rerum
1010 4720 1109 4791 valde
1140 4719 1279 4808 adjutus
1307 4718 1386 4789 fuit.
1419 4719 1529 4806 Quum
