3120 5474
87 112 266 181 personam
287 96 417 184 primas
437 99 551 183 partes
571 101 742 186 agentem,
764 115 841 183 quae
863 97 1011 165 Faustus
1031 99 1094 178 est,
1115 99 1298 169 Marlovius

85 203 223 272 intricat
237 203 391 273 fabulam
407 224 505 272 suam
521 211 553 271 et
569 207 611 272 ab
627 205 725 272 initio
739 224 849 289 usque
865 205 906 271 ad
923 205 972 271 rei
989 205 1105 286 sinam,
1121 226 1181 292 per
1191 210 1299 277 nodos

83 312 194 399 magis
233 314 415 400 magisque
453 313 647 397 implicatos
683 315 716 378 et
749 312 887 397 penitus
925 312 1059 378 animos
1088 315 1299 383 concitantes

80 419 220 486 adducit
234 424 369 487 mentes
385 421 420 486 in
436 420 632 506 argumenti
648 420 779 485 exitum
799 419 998 504 praevisum,
1020 419 1128 486 fateor
1142 422 1295 507 quidem,

77 529 316 611 exspectatum
346 527 467 606 etiam,
498 531 613 593 mente
644 529 758 592 autem
788 530 858 591 tam
884 525 986 591 anxia
1016 526 1231 612 sollicitaque
1260 531 1298 595 ut

75 631 181 699 timor
196 634 349 718 primum
372 638 404 700 et
425 634 548 701 deinde
571 638 680 699 terror
704 633 832 718 optime
856 632 968 699 vicem
993 633 1152 717 expleant
1179 653 1297 702 rerum,

74 739 263 806 dubiarum
278 741 405 826 quibus
421 741 456 806 in
475 740 554 806 aliis
573 739 699 806 sabulis
717 740 902 806 intentium
929 738 1042 804 studia
1069 739 1104 805 in
1130 758 1296 826 suspenso

72 846 285 914 detinentur.
303 847 400 925 Nodi,
417 847 577 933 quamvis
593 847 781 932 simplices,
798 846 982 914 faberrime
992 852 1190 917 nectuntur.
1205 850 1298 916 Inest

71 953 168 1018 enim
185 953 223 1020 in
240 954 295 1019 his
309 953 504 1021 sublimitas
520 972 637 1019 rerum
653 973 731 1038 quae
750 954 791 1020 ad
812 957 945 1021 naturae
965 955 1106 1040 verique
1131 954 1295 1021 similitu-

70 1059 192 1126 dinem
203 1060 405 1148 excogitatae
420 1064 513 1138 sunt,
530 1065 563 1126 et
578 1060 763 1127 Marlovius
778 1060 929 1147 tragicas
944 1066 1057 1146 partes
1073 1062 1295 1129 adumbravit

69 1170 144 1232 tam
164 1167 351 1252 praevalide
374 1185 549 1252 manuque
572 1170 642 1232 tam
669 1169 780 1244 certa,
806 1169 845 1234 ut
868 1168 994 1234 Goetus
1020 1167 1178 1255 (Goetlre),
1207 1168 1296 1235 desi-

67 1275 212 1360 gnando
231 1276 399 1358 quantum
417 1272 561 1340 virtutes
577 1273 646 1340 illae
662 1273 807 1352 valeant,
829 1273 967 1359 oblique
987 1273 1134 1342 fateatur
1156 1288 1193 1340 so
1216 1274 1293 1341 illas

67 1397 134 1446 nec
164 1398 341 1466 superare,
371 1398 434 1447 nea
461 1383 565 1447 etiam
595 1398 732 1464 aequare
761 1380 926 1465 potuisse.
956 1382 1094 1448 Gunetae
1122 1399 1290 1467 personae,

65 1504 228 1571 personae
243 1488 347 1553 etiam
362 1505 450 1571 quae,
468 1490 591 1553 natura
611 1505 685 1565 sua,
707 1504 771 1553 nec
796 1488 839 1554 ad
865 1486 1057 1555 humanum
1080 1505 1202 1574 genus,
1229 1506 1292 1555 nec

64 1593 110 1660 ad
127 1594 249 1660 orbem
264 1596 434 1660 terrarum
451 1594 635 1678 pertinent,
652 1594 802 1678 amplius
817 1612 952 1680 quoque
963 1594 1096 1678 spirant
1107 1597 1141 1660 et
1150 1595 1291 1680 propius

63 1700 111 1766 ad
136 1701 320 1768 veritatem
343 1700 520 1768 accedunt.
549 1703 617 1766 Nec
640 1701 808 1767 obsoletos
833 1701 885 1766 vel
910 1701 1070 1785 pertritos
1091 1701 1291 1786 exprimunt

63 1824 205 1886 sensus,
224 1825 287 1874 nec
302 1825 444 1873 suarum
460 1800 710 1874 sententiarum
726 1806 854 1873 formas
870 1807 1038 1874 edicendi
1059 1825 1186 1894 genere
1207 1810 1290 1875 tunc

62 1914 212 1980 florente
228 1916 383 1980 sumunt.
402 1913 525 1980 Omnia
541 1932 618 1998 quae
633 1913 786 1979 sentiunt
799 1916 833 1980 et
851 1914 1036 1998 loquuntur
1052 1932 1090 1979 ea
1111 1914 1193 1979 sunt
1211 1932 1289 1998 quae

62 2021 142 2087 suis
157 2021 315 2105 partibus
329 2022 557 2105 postulantur,
576 2023 609 2087 et
623 2020 713 2106 quod
731 2020 910 2086 sententiae
928 2020 997 2086 illae
1011 2020 1122 2087 drictae
1142 2022 1225 2086 sunt
1247 2038 1289 2086 ex

60 2126 209 2214 ingenio
233 2126 387 2194 Marlovii
414 2127 536 2212 ipsius
563 2127 598 2194 id
624 2129 735 2192 estex
760 2126 899 2214 ingenio
921 2131 1028 2210 poetae
1048 2127 1196 2214 cogitata
1215 2129 1287 2192 tam

61 2233 191 2302 callide
221 2251 327 2320 quam
355 2233 579 2300 vehementer
606 2232 788 2300 formantis
816 2237 850 2300 et
877 2233 1106 2312 enuntiantis,
1132 2251 1287 2318 personae

60 2341 203 2408 animos
231 2341 442 2408 intuentium
475 2359 566 2425 saepe
591 2341 774 2420 concitant,
809 2343 842 2406 et
870 2340 1046 2427 agitantur
1073 2339 1225 2406 motibus
1253 2343 1287 2406 et

59 2448 248 2516 affectibus
271 2448 330 2533 qui
355 2447 434 2514 vitae
462 2466 553 2515 verae
584 2448 732 2533 speciem
761 2447 796 2514 in
825 2465 964 2514 scenam
985 2447 1167 2514 inducunt.
1192 2448 1286 2512 lnter

57 2554 309 2621 Tamerlanum
338 2556 372 2621 et
398 2555 564 2620 Faustum
589 2555 681 2621 idem
707 2555 850 2621 interest
872 2557 974 2638 atque
1001 2553 1093 2619 inter
1119 2552 1285 2620 Jonannis

57 2660 200 2728 Racinii
215 2659 350 2728 tabulas
364 2678 441 2746 quae
455 2660 672 2728 Alexander
696 2665 729 2727 et
750 2660 1007 2728 Andromache
1031 2656 1282 2726 inscribuntur.

54 2767 244 2835 Prioribus
256 2767 412 2852 proditur
422 2767 557 2834 inscitia
570 2768 694 2833 tironis
704 2769 775 2852 qui,
789 2768 854 2833 iter
865 2767 1112 2852 praetentando,
1125 2764 1284 2851 imperite

53 2875 135 2962 agit
150 2877 184 2941 et
200 2877 329 2959 peccat.
351 2875 541 2941 Posteriora
561 2893 664 2959 opera
684 2878 765 2941 sunt
782 2874 848 2941 viri
863 2872 964 2959 periti
979 2873 1039 2958 qui
1054 2875 1161 2939 totam
1176 2871 1285 2939 scien-

54 2983 147 3050 tiam
163 2983 199 3047 et
218 2999 322 3047 usum
341 2981 482 3067 plenum
506 2981 591 3047 artis
611 2982 803 3066 usurpavit,
834 2984 868 3047 et
887 2998 1024 3047 summe
1047 2980 1229 3046 materiam
1249 2982 1283 3045 et

53 3091 218 3156 mentem
234 3104 334 3154 suam
353 3087 454 3174 regit.

106 3195 239 3263 Fabula
267 3196 416 3262 Faustus
440 3195 617 3280 inscripta,
643 3215 749 3282 quum
776 3196 967 3263 eMarlovii
991 3194 1153 3260 manibus
1182 3191 1278 3270 exiit,

52 3302 230 3388 amplius,
262 3302 336 3369 sine
364 3302 485 3381 dubie,
513 3321 618 3387 quam
646 3303 761 3380 hodie,
787 3303 975 3370 virtutibus
995 3302 1065 3368 illis
1091 3298 1277 3377 eminebat,

51 3409 166 3496 hujus
181 3408 277 3477 enim
292 3408 444 3494 primum
461 3410 628 3495 scriptum
646 3427 715 3478 non
729 3411 771 3477 ad
791 3428 853 3475 nos
873 3408 1028 3494 pervenit
1052 3409 1085 3474 et
1109 3405 1279 3490 antiquis-

50 3518 160 3585 simae
183 3515 345 3582 editionis
364 3535 442 3601 quae
461 3534 554 3583 nunc
577 3520 710 3584 constat
734 3520 767 3583 et
790 3534 879 3582 anno
901 3517 937 3581 P.
961 3517 997 3581 C.
1024 3516 1064 3580 N.
1091 3511 1279 3579 millesimo

45 3622 324 3695 ¹sexcentissimo
338 3626 460 3707 quarto
481 3622 593 3710 (1604)
611 3628 634 3701 ¹,
656 3624 692 3689 in
712 3624 837 3711 vulgus
861 3622 988 3689 emissa
1014 3619 1080 3691 fuit
1106 3618 1278 3703 scriptura

50 3731 165 3799 semel
176 3732 210 3796 et
222 3729 349 3813 saepius
364 3732 543 3797 retractata
560 3729 682 3797 fuerat.
699 3730 884 3797 Marlovius
899 3729 1021 3815 potuit,
1038 3726 1158 3794 debuit
1172 3724 1278 3791 etiam

50 3838 209 3905 scribere
242 3836 359 3921 plures
391 3854 511 3904 scenas
541 3839 648 3923 partis
681 3836 868 3923 interjectae
900 3836 990 3903 inter
1022 3831 1276 3902 clandestinum

49 3945 170 4014 foedus
185 3962 254 4029 quo
272 3944 420 4010 Faustus
436 3943 539 4011 fidem
556 3963 653 4011 suam
673 3945 808 4012 diabolo
828 3941 1013 4029 obstringit
1027 3944 1060 4008 et
1079 3937 1275 4026 argumenti

89 4129 174 4180 ¹'1'he
194 4126 331 4191 ‘Fragicall
345 4127 453 4191 History
472 4128 501 4178 oi
515 4129 545 4178 D.
563 4129 687 4179 Faustus.
706 4130 740 4179 As
760 4128 782 4180 it
802 4128 870 4180 hath
889 4128 958 4177 bene
973 4124 1056 4177 noted
1076 4125 1112 4188 by
1129 4122 1176 4174 the
1193 4120 1275 4186 night

49 4209 210 4263 Honorable
224 4208 272 4258 the
287 4207 364 4258 Earle
375 4208 403 4258 ol
412 4207 589 4270 Nottinpham
608 4209 652 4260 his
668 4213 801 4259 servants.
816 4209 936 4262 Written
951 4207 986 4271 by
1002 4204 1049 4256 Ch.
1072 4203 1148 4256 blarl.
1164 4203 1274 4255 Londou

48 4289 167 4344 Printed
183 4290 221 4355 by
234 4287 268 4342 V.
284 4287 310 4340 S.
326 4287 368 4338 ior
379 4287 496 4340 Thomas
507 4288 614 4340 Bushell
631 4289 690 4340 1604
700 4288 818 4354 (Balteo)
