3120 5474
772 462 929 526 „gp-

232 636 315 713 ¹ilie,
340 634 540 705 hominibus
559 632 748 718 judicibus,
773 651 843 703 non
871 634 984 718 turpia
1013 636 1096 701 sunt
1120 637 1154 701 et
1175 625 1360 700 infamiam
1391 649 1462 698 non

244 742 407 810 intemnt.
425 742 490 807 Sed
517 742 612 806 extra
636 739 738 807 fidem
764 745 816 806 est
839 758 932 817 eum,
951 741 984 807 vi
1007 758 1046 805 ac
1061 739 1265 806 necessitate
1289 738 1389 806 nulla
1406 756 1463 804 oon

243 853 371 926 actum,
389 866 426 913 se
442 846 664 913 insimulasse
679 846 869 913 facinorum
885 845 1055 913 foedorum
1074 846 1132 931 qui
1158 862 1239 911 eum
1263 844 1464 932 ignominia

243 954 422 1028 notabant.
448 972 467 1019 e
504 952 662 1027 russulis
686 952 838 1021 inimicis
857 952 932 1037 ejus
956 970 1036 1019 vera
1061 951 1171 1019 videri
1193 952 1320 1036 potuit.
1344 953 1391 1023 Ut
1420 951 1464 1017 ad

244 1080 319 1133 eam
334 1060 576 1149 cogitationem
592 1059 829 1139 deduceretur,
849 1077 988 1126 necesse
1003 1058 1125 1127 suisset
1138 1058 1169 1125 ei
1185 1058 1222 1125 in
1236 1058 1357 1129 animo
1369 1061 1466 1127 esset

243 1169 368 1256 populo
382 1169 417 1235 iu
434 1166 553 1243 odium
567 1165 695 1244 venire,
713 1167 747 1241 et
762 1164 825 1233 hoc
840 1165 1056 1250 propositum
1071 1164 1285 1237 nullomodo
1300 1166 1461 1250 apparet,

243 1276 296 1349 vel
320 1273 523 1349 indulsisset
544 1272 776 1347 inverecundo
803 1272 920 1339 animo
945 1271 1093 1356 quinon
1117 1290 1202 1345 suus
1228 1274 1313 1354 erat,
1344 1272 1399 1347 vel
1426 1271 1463 1339 in

243 1384 318 1469 ipso
347 1381 469 1457 fuisset
500 1380 553 1447 vis
587 1379 774 1465 poenitendi
807 1397 884 1467 quae
917 1380 1011 1447 tanta
1045 1396 1218 1464 nusquam
1246 1378 1460 1451 ostenditur.

242 1490 360 1565 Causae
375 1507 436 1556 cur
454 1486 566 1555 critici
581 1485 740 1572 impediti
755 1485 941 1554 fuerintne
961 1485 1176 1571 perciperent
1195 1503 1269 1559 rem
1284 1504 1367 1553 vero
1390 1503 1462 1556 uon

242 1613 429 1671 consonam
448 1613 534 1673 esse,
550 1591 743 1679 praesertim
762 1611 803 1659 ex
817 1610 856 1661 eo
872 1591 1032 1678 proiectae
1046 1595 1128 1661 sunt
1147 1592 1239 1676 quod
1261 1593 1293 1669 A
1311 1591 1464 1662 Groats-

242 1702 361 1777 auertit
375 1700 419 1787 of
435 1701 521 1782 th,
551 1699 621 1781 The
644 1701 875 1784 Repentonce
898 1701 933 1765 et
956 1696 1125 1765 Gabrielis
1150 1697 1289 1769 Harreii
1318 1698 1462 1773 libellus

241 1826 346 1894 prope
360 1807 480 1885 eodem
497 1809 649 1891 tempore
662 1804 747 1879 editi
767 1805 918 1879 suerunt.
940 1804 1194 1875 Existimarunt
1215 1805 1396 1873 hominem
1423 1805 1462 1879 in

242 1914 304 1987 has
323 1914 441 1991 sordes
464 1912 663 2002 prolapsum
687 1913 721 1985 et
744 1912 787 1979 ad
811 1915 942 1981 tantam
962 1911 1033 1979 vim
1053 1910 1240 1996 poenitendi
1266 1911 1460 1987 adductum

241 2021 373 2095 ausisse
393 2037 463 2109 prae
482 2036 519 2085 se
533 2017 622 2091 ferre
637 2017 711 2095 haec
726 2016 825 2098 facta,
848 2017 971 2106 flagitii
988 2018 1088 2103 plena
1103 2022 1136 2084 et
1150 2016 1339 2095 dedecoris.
1357 2018 1460 2091 Ratio

240 2129 373 2206 autem,
397 2144 459 2213 per
483 2123 749 2197 similitudinem
774 2124 930 2204 inducta,
956 2122 1046 2209 jacet
1070 2123 1098 2197 si
1131 2123 1202 2193 The
1222 2126 1459 2209 Repentanaa

241 2249 327 2318 opus
341 2236 394 2304 est
408 2230 546 2321 salsum,
568 2232 658 2299 etad
674 2249 747 2297 rem
763 2249 825 2317 pro
840 2233 931 2299 certa
947 2230 1136 2316 putandam
1152 2230 1276 2303 ductus
1290 2249 1371 2303 sum
1385 2249 1458 2305 nou

241 2339 354 2415 solum
378 2338 492 2417 causis
516 2337 739 2424 supradictis,
761 2337 820 2405 sed
845 2337 949 2405 etiam
976 2355 1015 2415 ea
1043 2336 1190 2418 ratione,
1220 2355 1298 2405 meo
1320 2336 1457 2424 judicio

240 2444 445 2533 indubitate,
470 2446 561 2529 quod
585 2445 750 2525 Greenus,
776 2444 812 2512 in
836 2444 997 2531 operibus
1018 2443 1133 2525 certis,
1155 2463 1194 2517 eo
1220 2445 1311 2526 vivo,
1336 2446 1453 2529 editis,

240 2550 428 2636 deseipso
446 2551 540 2619 etde
562 2551 771 2645 quibusdam
794 2551 875 2623 vitae
898 2570 970 2627 suae
994 2551 1126 2619 eventis
1148 2553 1310 2638 loquens,
1339 2554 1456 2631 verbis

239 2765 273 2830 et
286 2781 360 2839 rem
375 2781 443 2839 non
458 2762 578 2843 eodem
593 2764 695 2841 modo
709 2767 838 2841 narrat.
855 2764 965 2850 Supra
979 2765 1083 2835 retuli
1096 2764 1201 2851 nujus
1212 2765 1322 2843 libelli
1337 2767 1455 2843 locum

239 2887 307 2953 quo
334 2867 534 2950 confitetur,
558 2869 642 2937 dum
671 2871 888 2956 Europenses
910 2875 1020 2943 terras
1047 2871 1226 2957 lustraret,
1252 2891 1309 2939 reo
1333 2875 1454 2959 turpes

238 2978 272 3047 et
285 2976 512 3057 exsecrandas
526 2977 755 3054 commisisse.
770 2978 857 3045 Rem
871 2996 952 3045 vero
971 2977 1074 3066 longe
1088 2979 1189 3047 aliter
1202 2979 1329 3049 litteris
1351 2998 1453 3055 mau-

238 3083 394 3165 daverat,
425 3101 501 3159 eam
528 3084 633 3161 etiam
662 3088 848 3172 negaverat
881 3085 917 3153 in
944 3087 976 3157 A
1009 3085 1154 3161 ootaete
1183 3087 1382 3172 Discoverp
1415 3087 1460 3173 of

239 3191 423 3281 Ooosnape
438 3193 461 3272 ¹,
479 3190 594 3267 libello
609 3209 712 3276 quem
728 3191 905 3278 superiore
920 3209 1010 3260 anno
1024 3191 1179 3269 ediderat
1192 3194 1227 3261 et
1243 3192 1344 3279 cujus
1365 3193 1453 3269 fides

238 3300 412 3391 comperta
427 3300 491 3371 est.

278 3455 356 3516 «To
369 3452 407 3515 be
421 3452 529 3533 brieio,
546 3453 747 3533 Gentiemen‚
763 3453 867 3535 inquit
890 3453 1048 3529 Greenus,
1065 3457 1079 3516 1
1095 3452 1175 3518 have
1189 3470 1267 3519 seen
1286 3454 1339 3518 the
1353 3457 1452 3521 world

236 3551 300 3613 and
323 3551 465 3614 rounded
482 3553 517 3628 it,
540 3550 659 3633 though
683 3562 739 3615 not
762 3551 836 3614 with
850 3554 973 3632 novell,
988 3561 1037 3632 yet
1051 3551 1123 3615 with
1138 3553 1338 3636 experience‚
1355 3555 1450 3618 andi

236 3649 301 3716 orie
315 3661 372 3713 out
384 3648 456 3713 with
472 3651 635 3725 Salomon,
655 3651 772 3714 Omnia
785 3652 838 3713 sul
855 3651 922 3714 sole
938 3651 1075 3714 canitae.
1100 3655 1114 3714 1
1140 3650 1220 3716 have
1240 3652 1360 3732 smpled
1377 3652 1451 3715 with

236 3745 288 3811 the
303 3747 429 3821 italien,
444 3747 507 3819 and
529 3765 618 3815 worn
637 3746 689 3811 the
705 3748 813 3829 vipers
834 3748 913 3811 head
931 3749 967 3811 in
981 3767 1032 3828 my
1047 3749 1143 3824 hand,
1160 3749 1224 3814 and
1242 3758 1291 3828 yet
1304 3758 1389 3830 stopt
1400 3749 1452 3817 ni·

235 3862 381 3917 venemo.
398 3846 412 3915 1
427 3841 508 3913 tare
521 3853 614 3923 caten
630 3844 788 3929 Spanishe
800 3845 1029 3920 Mirabolanes,
1044 3848 1108 3910 and
1119 3855 1168 3926 yet
1181 3867 1234 3911 am
1249 3845 1385 3929 nothing
1397 3847 1453 3919 tt·

236 3961 327 4011 more
352 3940 639 4023 metamorphosed.
676 3945 835 4021 Fraunee,
873 3944 1056 4024 Germanic,
1086 3945 1216 4020 Poiand,
1254 3945 1449 4028 Denmarke,

237 4037 356 4109 linos
372 4038 457 4115 them
476 4041 536 4116 ati,
554 4050 603 4121 yet
625 4045 684 4107 not
706 4041 837 4109 affected
856 4052 887 4105 to
902 4061 965 4125 any
987 4043 1022 4111 in
1043 4042 1095 4108 the
1116 4042 1241 4115 iourme
1259 4042 1294 4107 oi
1306 4061 1358 4131 mp
1373 4043 1449 4127 [1103

266 4251 275 4286 ¹
285 4251 307 4300 Α
316 4249 429 4301 Notable
439 4249 586 4315 Discovery
594 4249 622 4301 oi
629 4250 774 4317 Coosnage.
785 4252 850 4306 Now
859 4253 933 4320 daiiy
941 4254 1079 4321 practised
1089 4256 1125 4321 by
1134 4256 1239 4321 sundry
1248 4255 1314 4313 leud
1323 4269 1448 4322 persons,

235 4327 321 4379 called
342 4327 586 4389 Cannio-catanens,
599 4330 654 4382 and
668 4329 868 4385 Cressa-bitere.
884 4333 1006 4399 Plainely
1017 4335 1110 4400 laying
1121 4348 1190 4399 open
1202 4333 1279 4387 those
1294 4335 1448 4401 pernitious

234 4406 345 4472 sleights
358 4408 417 4460 that
430 4409 495 4460 heth
505 4409 622 4474 brought
632 4411 1326 4475 maupignorammentoconfusionwnttentorthe
1335 4417 1446 4479 genem!

235 4487 335 4538 beneflt
345 4489 374 4538 of
382 4489 417 4539 ali
428 4489 595 4552 Gentlemen,
606 4488 731 4552 Citizens,
740 4491 1179 4560 Aprentises,Countrey-farmem
1188 4494 1243 4547 and
1252 4508 1377 4560 yeomen,
1387 4495 1447 4547 that

234 4580 299 4633 may
311 4566 365 4632 hap
374 4571 403 4618 to
417 4568 463 4620 tall
474 4569 531 4621 into
540 4569 587 4621 the
599 4582 734 4637 company
743 4570 773 4621 oi
783 4571 851 4641 suph
861 4573 1008 4638 eonsening
1018 4572 1204 4639 companions.
1217 4573 1295 4628 With
1306 4574 1447 4649 adelight·

234 4645 284 4698 iuli
296 4646 437 4699 discourse
453 4648 482 4699 or
496 4649 542 4701 the
557 4663 689 4714 coosnage
705 4649 735 4700 oi
745 4650 864 4703 Coiiiers.
878 4653 1026 4704 Nescimur
1042 4667 1093 4717 pro
1111 4652 1212 4721 putria.
1233 4654 1272 4718 By
1285 4655 1316 4706 R.
1331 4654 1445 4717 Gnaeus,

232 4725 343 4783 Meister
352 4724 382 4783 ot
387 4730 455 4783 trit·
468 4727 579 4785 noanon
590 4728 702 4781 Psinted
714 4730 751 4794 by
763 4729 834 4782 John
846 4730 931 4782 wolfe
944 4730 987 4782 for
998 4732 1027 4782 dt
1043 4731 1075 4784 N.
1088 4731 1143 4783 and
1155 4745 1203 4782 are
1218 4736 1247 4783 to
1263 4733 1297 4784 be
1307 4733 1368 4784 sold
1379 4745 1448 4784 over

233 4804 340 4874 against
353 4805 400 4857 the
410 4810 488 4885 great
498 4806 583 4860 South
596 4808 679 4861 doore
692 4808 722 4860 oi
733 4809 839 4874 Paulas,
852 4810 922 4875 1⁵91,
933 4812 968 4863 ι’.
982 4836 1014 4851 -
1027 4809 1182 4876 Reprinted.
1200 4811 1269 4864 1592.
