3120 5474
812 382 1009 456 ..pg..'

285 565 440 650 putasse,
465 563 519 630 vel
542 559 672 630 summi
696 559 872 628 Pontificis
897 560 1043 629 Romani
1069 561 1241 629 studiosos
1269 581 1364 641 esse,
1391 565 1496 648 quod,

285 670 457 756 puritanis
466 668 656 755 judicibus,
674 685 783 735 unum
798 672 831 735 et
846 669 939 736 idem
958 672 1043 747 erat,
1071 670 1123 736 vel
1147 687 1272 736 aurum
1290 670 1499 738 fabricatum

285 794 372 855 esse,
389 779 422 843 et
442 775 653 844 adulterinos
672 775 810 842 cudisse
833 792 1008 841 nummos.
1033 775 1098 856 Qui
1122 775 1325 842 Marlovium
1350 776 1498 845 insimu-

286 881 377 949 labat
400 883 587 949 sceleratus
610 886 774 950 caeterum
798 885 882 947 erat.
910 882 974 947 Hic
993 881 1161 950 Ricardus
1184 883 1296 949 Banes
1318 880 1501 968 (thbord

283 991 386 1057 Bone
401 990 454 1056 vel
474 987 607 1076 Bonas)
630 989 746 1075 inquit
766 989 921 1055 Malonus
950 986 1106 1075 (Malene)
1132 988 1224 1074 apud
1250 991 1372 1056 notam
1396 1010 1501 1076 quam

284 1093 358 1180 ipse
372 1095 549 1181 inscripsit
565 1095 602 1163 in
615 1095 792 1162 volumine
802 1094 893 1179 quod
903 1094 1124 1162 Bibliothecae
1133 1095 1329 1164 Bodleianae
1341 1115 1426 1182 pars
1437 1101 1500 1164 est.

282 1200 433 1288 Tybumi
447 1201 602 1288 patibulo
616 1200 740 1269 affixus
758 1200 834 1279 suit,
860 1204 940 1268 ante
963 1200 1056 1268 diem
1075 1205 1235 1268 octavum
1252 1202 1336 1270 Idus
1357 1205 1504 1271 Decem·

282 1307 362 1375 bres
378 1307 412 1395 (6
427 1306 625 1396 Decembre)
641 1324 731 1374 anno
745 1308 894 1392 postero,
916 1305 952 1372 id
969 1309 1022 1371 est
1043 1324 1133 1373 anno
1148 1309 1186 1373 P.
1203 1309 1240 1374 G.
1257 1309 1299 1374 N.
1311 1309 1504 1377 millesimo

282 1413 924 1503 quingentesimononagesimoquarto
937 1411 1166 1499 (1594)‚qnod
1177 1411 1266 1482 foeda
1277 1416 1505 1484 commiserat

283 1523 424 1591 scelera.
441 1524 638 1609 Antequam
652 1520 702 1587 rei
717 1537 848 1608 gnarus
862 1537 987 1598 essem,
1005 1537 1081 1585 eam
1095 1518 1379 1589 affirmavissem.

327 1630 438 1716 Igitur
467 1630 504 1697 in
531 1628 751 1708 Marlovium,
777 1646 885 1713 quum
910 1628 1045 1696 occisus
1073 1628 1154 1708 fuit,
1179 1628 1253 1716 jam
1277 1650 1318 1699 ex
1346 1633 1502 1718 quodam

282 1738 447 1822 tempore,
475 1739 509 1803 et
531 1734 617 1802 forte
635 1753 675 1802 eo
690 1735 811 1816 inscio,
828 1735 1096 1803 intendebantur
1110 1737 1319 1824 gravissima
1333 1739 1501 1818 crimina,

281 1845 325 1911 ab
343 1843 496 1911 inimicis
511 1842 584 1910 suis
603 1845 771 1909 contexta.
788 1841 994 1922 Novissime,
1020 1861 1110 1910 anno
1125 1846 1162 1910 P.
1188 1845 1224 1910 G.
1250 1845 1291 1910 N.
1309 1844 1503 1913 millesimo

281 1950 560 2039 quingentesimo
594 1949 803 2037 octogesimo
844 1966 934 2016 nono
968 1949 1087 2037 (1589)
1132 1951 1337 2018 Franciscus
1378 1953 1503 2019 Kettus

282 2055 436 2144 (Francis
451 2055 541 2143 Kett)
557 2057 618 2144 qui
641 2056 678 2123 in
698 2056 814 2123 schola
833 2058 950 2124 Benet
969 2055 1115 2142 Collega
1138 2045 1241 2136 dicta,
1268 2075 1360 2124 anno
1385 2060 1502 2127 mille·

280 2165 369 2233 simo
383 2151 661 2253 quingentesimo
677 2164 932 2253 septuagesimo
946 2164 1048 2230 tertio
1064 2163 1176 2251 (1573)
1198 2164 1362 2256 intitutus
1388 2165 1503 2235 fuerat

280 2271 374 2358 (aba
393 2289 469 2340 was
488 2291 512 2338 a
526 2272 648 2357 follow
663 2271 707 2356 cf
718 2273 833 2338 Benct
853 2271 1011 2357 Collega,
1031 2271 1146 2355 inquit
1164 2271 1390 2360 Symondus),
1407 2276 1499 2341 -Nor-

279 2377 361 2446 vicii
378 2376 562 2466 (Norwich)
582 2379 618 2446 in
632 2377 708 2465 rogi
728 2378 846 2464 ignem
865 2377 995 2457 illatus,
1016 2377 1117 2445 vivus
1141 2377 1344 2445 combustus
1369 2378 1497 2459 fuerat,

279 2484 372 2569 quod
405 2488 575 2571 praecepta
603 2484 850 2570 opinionesque
882 2484 1072 2551 tradiderat
1101 2483 1262 2570 religioni
1278 2484 1500 2554 christianae

279 2589 416 2658 infesta.
447 2592 539 2679 Ergo
566 2592 602 2658 id
630 2590 824 2677 conjectura
853 2591 1029 2677 probabile
1057 2594 1125 2671 est,
1162 2590 1368 2661 llarlovium
1397 2593 1498 2661 brevi

278 2696 539 2784 implicaturum
563 2698 670 2766 luisse
698 2698 820 2783 capitis
849 2697 1082 2776 dimicatione,
1107 2695 1207 2782 cujus
1231 2697 1498 2782 impedimentis

279 2823 353 2873 non·
376 2805 451 2873 sine
477 2823 603 2893 magno
628 2805 816 2873 certamine
844 2823 882 2871 se
909 2803 1123 2882 exsolvisset,
1153 2805 1313 2888 quamvis
1341 2805 1497 2874 absurda

278 2915 394 2981 essent
416 2912 574 2981 crimina.
601 2912 747 2979 Etiamsi
775 2911 875 2997 culpa
903 2910 1070 2978 liberatus
1099 2913 1201 2992 esset,
1231 2909 1269 2976 in
1297 2912 1497 2996 periculum

277 3020 429 3089 venisset
459 3038 502 3087 ne
530 3019 726 3087 mitteretur
754 3018 947 3106 ignominia
974 3019 1124 3085 notatus.
1161 3019 1351 3084 Immatura
1382 3024 1497 3087 morte

276 3131 413 3212 ereptus
426 3125 494 3194 suit
507 3145 526 3193 θ
540 3125 760 3214 gravissimis
775 3125 939 3211 periculis
962 3143 1040 3212 quae
1060 3124 1126 3190 sibi
1141 3124 1303 3192 attulerat
1319 3125 1402 3192 vitae
1421 3145 1497 3195 suae

276 3234 430 3323 ilagitiis,
446 3235 482 3301 at
497 3234 619 3301 saltem
633 3232 818 3310 verborum
837 3234 870 3297 et
893 3248 1030 3299 morum
1056 3249 1199 3299 suornm
1223 3230 1494 3317 intemperantia

275 3343 502 3428 asperaverat.
1091 3383 1093 3386 ψ

318 3450 393 3515 Non
407 3447 552 3516 dubium
568 3452 620 3515 est
638 3447 725 3533 quin
743 3445 947 3514 interiectus
971 3445 1087 3513 luerit.
1103 3445 1168 3513 Sed
1183 3445 1225 3512 de
1244 3443 1349 3512 rebus
1369 3463 1493 3514 necem

274 3554 591 3633 circumstantibus
609 3573 648 3621 ea
663 3573 741 3639 quae
754 3556 942 3621 narrantur
961 3552 1052 3620 inter
1072 3571 1107 3619 se
1128 3551 1299 3618 contraria
1322 3556 1416 3619 sunt.
1440 3555 1493 3621 Ea

273 3663 368 3731 enim
395 3663 484 3730 alius
512 3661 580 3729 alio
607 3662 711 3730 modo
739 3660 899 3741 tradidit,
930 3664 964 3727 et
996 3677 1076 3728 vera
1104 3676 1146 3725 ex
1173 3657 1270 3726 falsis
1296 3658 1492 3744 dijudicare

272 3770 421 3838 arduum
436 3771 499 3847 est,
516 3769 620 3854 quod,
642 3769 733 3836 sicut
747 3769 872 3835 cuncta
886 3785 964 3853 quae
976 3767 1019 3834 de
1033 3765 1187 3833 llarlovii
1201 3765 1272 3833 vita
1287 3766 1488 3846 traduntur,

271 3895 341 3946 non
356 3876 461 3943 simul
475 3875 579 3960 atque
593 3878 752 3943 mortuus
767 3876 830 3956 est,
850 3874 910 3941 sed
926 3875 1028 3961 longo
1042 3875 1119 3958 post
1132 3871 1326 3954 intervallo,
1343 3873 1490 3941 collecta

189 4016 192 4021 ·
272 3984 422 4054 fuerunt.

315 4093 402 4160 Rixa
429 4109 497 4178 qua
524 4087 674 4157 concidit
701 4086 887 4155 Marlovius
914 4085 1038 4153 accidit
1071 4084 1139 4175 (res
1168 4086 1268 4153 hodie
1296 4087 1419 4172 patet),
1450 4087 1488 4155 in

270 4217 425 4286 caupona
442 4198 549 4267 viculi
563 4200 623 4287 qui
638 4200 750 4268 tribus
767 4200 924 4268 millibus
938 4214 1151 4287 passuum'a
1176 4199 1344 4267 Londinio
1365 4200 1484 4281 distat,

270 4309 304 4373 et
332 4307 388 4375 cui
419 4306 626 4394 Deptfordus
654 4305 862 4396 (Deptlord)
897 4325 1037 4375 nomen.
1080 4308 1247 4374 Memorat
1272 4307 1486 4394 Vaugbanus

272 4410 466 4503 (Vaugban)
483 4433 563 4481 eum
579 4432 660 4483 cum
674 4413 825 4500 quodam
839 4416 1000 4502 Ingrame
1016 4412 1183 4502 (ingram)
1199 4431 1219 4480 a
1236 4432 1304 4499 quo
1318 4414 1363 4481 ad
1376 4413 1485 4482 viculi

272 4519 375 4587 serias
406 4525 548 4590 vocatus
580 4523 687 4600 esset,
721 4520 1002 4600 contendentem,
1033 4524 1194 4588 conatum
1222 4538 1297 4587 esse
1329 4520 1360 4586 si
1389 4521 1484 4588 bunc

271 4626 421 4716 pugione
435 4631 613 4714 percutere
626 4630 753 4715 posset.
768 4628 847 4696 Telo
861 4630 979 4696 autem
991 4626 1147 4695 confixus
1161 4625 1226 4694 fuit
1241 4627 1326 4713 ipse,
1343 4627 1375 4692 is
1387 4627 1484 4695 enim

271 4751 352 4801 cum
365 4752 434 4819 quo
448 4735 601 4803 certabat
614 4753 759 4804 manum
776 4732 851 4820 ejus
864 4733 1006 4803 invertit
1029 4743 1063 4800 et
1076 4733 1264 4822 pugionem
1289 4732 1326 4800 in
1340 4733 1483 4801 oculum
