3120 5474
686 413 863 476 -raa-

171 584 417 670 solvendosque
445 602 513 650 non
542 583 717 671 adjuvant.
744 588 903 653 Personae
925 604 1062 670 quoque
1086 603 1155 652 non
1176 587 1262 653 tanta
1284 602 1339 652 cun
1368 654 1371 683 Ι
1414 628 1421 654 i

170 691 383 758 vehementia
408 692 445 758 in
468 692 671 759 lihidinibus
694 694 767 759 suis
791 713 827 759 sc
851 693 1044 759 effundunt.
1076 694 1143 760 Res
1165 711 1241 760 vero
1264 711 1297 758 ex
1315 710 1341 758 eo
1416 717 1425 779 εξ

170 798 248 864 sciri
267 802 377 883 potest
396 799 475 883 quia
500 818 555 864 res
578 799 702 887 viginti
728 818 836 867 annos
858 801 1048 884 permanet,
1073 802 1107 866 et
1131 799 1342 884 praecipuarum
1417 821 1425 866 i

169 904 291 972 fervidi
308 924 430 972 sensus
450 925 687 991 personarum,
712 907 886 991 imprimis
906 907 1099 974 Tamerlani
1120 905 1344 990 Zenocratisque
1418 930 1424 973 a

169 1012 236 1077 nisi
253 1013 379 1079 minuti
395 1014 507 1094 annis,
524 1014 704 1098 temperati
721 1015 843 1081 saltem
863 1013 1014 1081 luerunt.
1037 1015 1104 1081 Res
1122 1013 1275 1081 llarlovio
1290 1029 1345 1097 pro·
1419 1038 1425 1082 a

170 1118 246 1196 suit,
272 1118 452 1187 ambitiosa
472 1120 565 1187 enim
589 1125 790 1187 ornamenta
818 1124 852 1188 et
875 1121 1034 1188 elatiores
1058 1139 1180 1188 sensus
1202 1122 1347 1204 sumptae
1381 1170 1384 1177 .

170 1226 419 1293 commenticiis
443 1227 569 1294 sabulis
595 1227 751 1312 equitum
775 1232 872 1315 gesta
899 1229 1123 1297 narrantibus
1150 1227 1218 1295 fere
1238 1226 1349 1294 omnino
1421 1233 1425 1295 'J

169 1321 374 1418 repudiavit.
394 1336 463 1402 Nec
477 1335 627 1421 amplius
641 1336 761 1420 putido
776 1336 978 1422 tumidoque
997 1336 1135 1404 dicendi
1150 1353 1269 1424 genere
1281 1333 1350 1400 lahu-
1424 1365 1425 1396 t

170 1441 213 1508 lis
228 1442 297 1508 illis
312 1442 448 1526 proprio
463 1442 584 1508 utitur.

213 1548 415 1615 Posterioris
450 1549 550 1616 initio
581 1549 709 1634 partis,
745 1550 923 1638 subreguli
959 1550 1203 1637 principesque
1235 1545 1352 1634 imperio

168 1656 357 1722 Turcarum
388 1655 559 1722 tributum
588 1657 791 1741 pendentes,
825 1675 934 1743 quum
967 1658 1011 1724 iis
1042 1656 1191 1744 BaJazeti
1219 1655 1355 1723 interitus

169 1762 361 1840 nuntiatur,
381 1761 470 1828 inter
492 1779 528 1829 se
552 1763 761 1830 conveniunt
784 1783 820 1830 se
844 1763 1043 1830 christianis
1066 1782 1186 1849 pacem
1208 1763 1358 1830 oblaturos

169 1887 244 1935 esse
258 1871 296 1934 ut
311 1867 490 1935 universas
501 1869 616 1954 copias
627 1888 708 1936 suas
718 1868 755 1935 in
766 1870 962 1937 Tamerlani
978 1870 1149 1938 exercitus
1164 1870 1284 1938 deinde
1298 1885 1359 1936 con-

169 1980 301 2043 vertere
318 1975 460 2060 possint.
477 1977 604 2043 Eodem
619 1979 784 2062 tempore,
800 1977 1002 2063 GallipinuS,
1021 1977 1170 2063 Bajazeti
1193 1976 1297 2058 tilius,
1316 1973 1365 2060 qui

170 2083 276 2150 simul
292 2101 331 2150 ac
346 2084 442 2168 pater
453 2102 537 2149 suus
551 2103 570 2148 a
587 2083 715 2151 victore
730 2086 850 2170 captus
866 2083 978 2152 fuerat
992 2087 1026 2152 et
1040 2084 1167 2152 abhinc
1181 2084 1216 2152 in
1225 2083 1368 2151 custodia

170 2190 392 2268 retinebatur,
410 2208 518 2256 unum
535 2191 767 2258 ecustodihus
792 2192 865 2258 suis
891 2192 999 2260 vincit
1013 2192 1125 2273 donis,
1143 2195 1177 2259 et
1191 2210 1229 2258 cx
1246 2207 1373 2258 carcere
1423 2264 1425 2279 Ι

170 2296 316 2384 aufugit.
344 2297 582 2382 Spectaculum
620 2297 744 2364 deinde
780 2298 952 2383 profertur
988 2298 1080 2365 inter
1118 2298 1375 2366 mirabilissima

170 2402 337 2470 dramatis
350 2403 617 2470 numerandum.
633 2405 857 2472 Tamerlanus
872 2404 1066 2473 ostenditur
1082 2406 1181 2485 dum,
1197 2405 1279 2472 belli
1295 2405 1380 2472 labo

169 2510 267 2576 ribus
282 2509 405 2589 sessus,
423 2528 502 2577 cum
517 2512 699 2578 Zenocrate
713 2512 893 2598 tribusque
903 2511 986 2580 filiis
996 2512 1069 2580 suis
1080 2513 1245 2599 temporis
1256 2516 1381 2598 puncto

170 2616 366 2702 requiescit.
395 2617 460 2684 Sed
488 2617 624 2684 etiamsi
650 2619 778 2685 amoris
806 2623 839 2686 et
868 2618 1010 2685 familiae
1034 2620 1173 2707 gaudiis
1191 2619 1383 2708 indulgeat,

170 2722 339 2790 saevitiam
357 2726 473 2790 tamen
488 2743 587 2790 suam
604 2724 718 2792 bellua
743 2729 867 2793 servat.
884 2727 1060 2794 Zenocrati
1074 2727 1117 2794 ab
1136 2746 1175 2795 eo
1195 2727 1386 2812 postulanti

170 2849 238 2915 quo
266 2833 417 2916 tempore
445 2849 542 2897 arma
569 2832 745 2918 positurus
773 2833 835 2913 sit,
866 2837 904 2900 ut
933 2834 1073 2902 tandem
1100 2835 1254 2903 victoriae
1287 2835 1389 2903 bonis

170 2937 300 3017 lloreat,
317 2937 500 3025 respondet
516 2957 525 3004 ε

253 3076 347 3140 Tam.
367 3076 476 3138 When
491 3076 613 3139 heaven
629 3076 710 3142 shall
725 3097 817 3142 ceese
832 3087 864 3142 to
876 3099 969 3143 move
984 3098 1026 3144 on
1040 3079 1116 3144 both
1129 3079 1184 3145 the
1198 3080 1303 3165 poleS,

249 3175 323 3238 end
337 3175 432 3239 when
448 3176 501 3237 the
515 3174 648 3255 ground,
664 3174 817 3240 whereon
832 3197 885 3258 my
900 3178 1035 3240 soldiers
1050 3179 1173 3255 march,

251 3274 339 3336 Shall
354 3273 418 3337 riso
433 3271 508 3336 alost
521 3273 585 3336 and
599 3275 693 3337 touch
708 3276 760 3337 the
776 3275 900 3338 horned
914 3295 1022 3356 moon,

250 3372 322 3435 And
338 3379 393 3435 not
405 3371 522 3447 before,
538 3392 592 3453 my
607 3379 706 3435 sweet
719 3375 893 3437 Zenocrate
909 3373 930 3436 ¹.

215 3520 344 3588 Deinde
373 3519 463 3588 lilios
487 3539 568 3588 suos
594 3519 799 3608 interrogat,
827 3523 865 3589 ut
892 3521 1078 3609 perspiciat
1104 3525 1278 3608 quomodo
1308 3525 1392 3594 belli

171 3627 316 3696 studiosi
339 3629 374 3695 et
396 3627 538 3724 saevitiae
564 3646 635 3695 suae
658 3627 841 3714 participes
862 3628 944 3696 sint.
969 3630 1072 3698 Omni
1100 3630 1202 3699 laude
1231 3636 1394 3701 cumulat

171 3736 257 3804 duos
272 3733 415 3821 primos,
432 3733 491 3821 qui
506 3734 537 3801 ei
553 3752 715 3821 responsa
729 3736 772 3803 ad
788 3735 999 3804 desiderium
1013 3755 1115 3804 suum
1127 3742 1393 3808 accommodata

171 3843 331 3910 reddunt.
349 3842 418 3908 Hos
432 3858 511 3909 vere
526 3841 615 3909 filios
636 3861 716 3909 suos
735 3861 810 3909 esse
833 3843 994 3911 declarat.
1021 3844 1245 3912 Gravissimis
1268 3849 1394 3915 autem

172 3947 307 4037 probris
327 3946 483 4034 increpat
496 3947 637 4015 tertium
652 3948 724 4035 qui,
741 3949 841 4029 nihil,
859 3950 927 4016 nisi
942 3953 1061 4037 pacata
1084 3952 1188 4018 verba
1211 3951 1333 4034 refert,
1359 3958 1395 4022 et

173 4056 322 4142 postulat
336 4059 374 4122 ut
388 4073 467 4121 cum
483 4057 670 4123 matresua
687 4059 836 4135 maneat,
854 4058 936 4125 dum
952 4060 1048 4143 pater
1071 4059 1105 4124 et
1131 4057 1256 4125 fratres
1281 4059 1395 4147 impe

173 4161 265 4231 rium
279 4159 368 4229 bello
382 4180 508 4249 augere
523 4162 801 4248 perseverabunt.
817 4163 995 4231 Minitatur
1008 4164 1040 4229 ei
1055 4183 1189 4243 necem,
1204 4165 1274 4231 nisi
1286 4165 1393 4234 laetis

174 4271 207 4337 et
228 4269 344 4338 verbis
358 4268 515 4336 ostendat
538 4288 574 4335 se
597 4288 616 4336 a
639 4269 766 4336 virtute
789 4270 896 4354 patris
920 4271 970 4337 nil
989 4270 1266 4358 degeneravisse.
1291 4273 1393 4342 Tunc

174 4375 420 4462 superveniunt
438 4374 592 4443 militum
610 4376 727 4443 duces.
753 4377 820 4445 Eos
843 4376 924 4444 fecit
948 4396 1047 4464 reges
1061 4378 1093 4443 ei
1108 4377 1279 4445 tributum
1304 4398 1392 4465 pen-

175 4481 305 4563 dentes,
322 4484 357 4550 et
370 4481 499 4568 singuli
514 4482 629 4567 copias
644 4485 845 4568 percensent
858 4502 944 4570 quas
959 4483 1187 4562 adduxerunt,
1202 4486 1392 4553 utTamer-

174 4589 253 4659 lano
266 4592 383 4658 eontra
396 4590 523 4658 Tureas
538 4588 706 4658 auxilium
724 4590 846 4659 ferant.
868 4593 935 4661 Res
954 4594 1006 4660 est
1028 4592 1174 4681 augusta
1201 4594 1236 4659 et
1259 4609 1389 4663 census

207 4793 218 4832 ¹
233 4790 280 4846 lid.
295 4790 397 4856 Bullen,
412 4792 465 4847 vol.
479 4791 500 4858 l,
512 4806 538 4860 p.
554 4791 608 4845 121.
619 4818 648 4832 -·
661 4793 720 4846 Aet.
733 4791 752 4859 l,
765 4791 806 4847 Sc.
819 4793 861 4849 lll.
