3120 5474
675 1067 812 1135 CAPUT
836 1067 879 1134 IV

514 1347 572 1410 De
594 1344 857 1411 Marlovianis
878 1344 1036 1411 fabulis.

168 1627 201 1694 Ι.
226 1629 280 1695 De
303 1625 521 1694 Tanterlaoo
545 1628 580 1692 et
603 1624 1393 1697 (10001011000000101111001100100011000
1491 1700 1494 1705 ,
1538 1584 1549 1609 m

620 1751 736 1839 (Vers
760 1753 930 1832 Bloncs).

212 1963 435 2029 Tamerlanus
459 1962 604 2049 Magnus
626 1959 904 2050 (ramburluine
929 1961 987 2028 the
1010 1959 1136 2049 Great)
1160 1960 1280 2047 prima
1301 1967 1395 2032 este

169 2070 389 2137 llarlovianis
412 2068 550 2136 fabulis,
576 2070 662 2136 Acta
681 2067 757 2147 1011,
775 2072 814 2135 01
833 2087 935 2152 supra
959 2068 1043 2145 dixi,
1065 2074 1219 2152 tempore
1239 2070 1392 2150 incerto,

170 2176 373 2261 congruenti
397 2179 511 2242 autem
536 2175 589 2240 vel
610 2191 700 2240 anno
723 2175 760 2239 P.
782 2175 818 2240 G.
837 2176 876 2241 N.
894 2173 1080 2240 millesimo
1104 2175 1395 2262 quingentesimo

170 2283 381 2370 octogesimo
397 2285 491 2348 sexto
507 2278 633 2367 (1586),
651 2286 684 2349 01
700 2280 773 2347 haec
787 2283 839 2346 est
854 2281 960 2367 Payni
977 2280 1310 2366 Collierisententia,
1323 2286 1393 2364 vel,

171 2393 204 2456 et
233 2388 291 2455 illa
321 2388 490 2455 sententia
523 2386 746 2455 verisimilior
773 2386 860 2452 mihi
891 2387 1041 2466 videtur,
1072 2406 1162 2454 anno
1195 2389 1395 2458 millesimo

171 2495 451 2582 quingentesimo
478 2494 688 2582 octogesimo
718 2494 864 2579 septimo
892 2492 1018 2582 (1587).
1044 2496 1094 2561 lta
1116 2495 1232 2582 ignari
1264 2516 1394 2566 sumus
1500 2528 1504 2533 ·
1544 2508 1556 2595 1

171 2620 288 2668 rernm
310 2621 387 2687 quae
411 2602 452 2668 ad
476 2601 632 2668 llarlovii
657 2599 764 2668 vitam
786 2601 971 2686 pertinent,
994 2604 1027 2667 et
1042 2620 1098 2667 res
1117 2619 1204 2686 quas
1222 2604 1394 2673 novimus

172 2711 242 2774 tam
271 2727 388 2792 paucae
416 2712 497 2774 sunt
520 2711 553 2774 et
575 2711 647 2774 tam
664 2725 739 2774 sero
762 2707 910 2774 inventae
931 2707 1073 2792 fuerunt
1093 2712 1131 2775 ut
1149 2709 1256 2796 longo
1277 2712 1394 2796 spatio

172 2814 318 2882 dubium
338 2815 442 2881 fuerit
461 2820 579 2882 utrum
603 2815 787 2882 Marlovius
808 2815 897 2882 hanc
916 2814 1081 2895 fabulam,
1097 2832 1218 2893 necne,
1236 2817 1392 2903 scripse-

172 2923 228 2988 rit.
255 2922 510 3001 AVillemano‚
541 2922 577 2988 in
606 2921 737 3007 insigni
762 2920 836 3006 ejus
860 2921 977 2988 libello
1000 2922 1043 2989 de
1060 2921 1282 2989 Marlovianis
1309 2942 1392 3010 ope-

172 3029 286 3108 ribus,
309 3049 364 3095 res
388 3029 500 3096 adhuc
524 3029 560 3095 in
589 3029 719 3095 incerto
745 3028 901 3094 habetur.
927 3029 1074 3114 Reperta
1098 3027 1236 3095 fuerant
1261 3029 1393 3099 abhinc

171 3137 237 3203 tria
252 3136 380 3203 indicia
394 3137 533 3221 quibus,
552 3139 589 3201 ut
604 3135 822 3219 opinabatur,
841 3134 952 3201 nodus
967 3135 1147 3220 expeditus
1162 3133 1276 3202 luerat
1291 3140 1327 3202 et
1336 3155 1393 3203 res
1502 3126 1505 3131 ’
1552 3109 1559 3164 l

171 3243 215 3309 ad
235 3247 366 3310 certum
384 3243 541 3310 deducta.
568 3242 726 3308 Primum
746 3242 890 3308 maximi
911 3245 983 3309 erat
1003 3241 1182 3308 momenti.
1204 3243 1393 3327 Deprome

171 3349 272 3414 batur
291 3368 332 3415 ex
356 3353 435 3416 nota
458 3367 563 3434 quam
587 3349 724 3434 Paynus
748 3348 914 3416 Collicrus
938 3349 1116 3415 invenerat
1143 3349 1179 3413 in
1208 3349 1390 3417 Henslovii

174 3454 378 3543 (Henslowe)
417 3457 558 3529 Diario.
594 3455 693 3541 quus
731 3455 897 3540 scriptum
935 3455 970 3522 in
1009 3453 1203 3522 Dulviciani
1242 3435 1390 3543 Collegii
1495 3516 1499 3523 .
1558 3419 1560 3446 ¹

173 3562 340 3650 (Dulwich
357 3562 503 3650 Collega)
521 3562 724 3629 bibliotheca
740 3562 919 3648 reponitur
936 3582 944 3628 :

214 3702 230 3782 a
247 3726 292 3788 Pd
310 3725 407 3808 (pald)
429 3735 507 3790 0010
526 3727 667 3790 Thomas
688 3728 833 3801 Diclrers
859 3728 911 3790 the
928 3725 965 3789 10
986 3725 1020 3789 01
1038 3725 1212 3790 Desember
1234 3723 1315 3790 1597
1340 3725 1391 3791 lor

173 3826 334 3906 adycyons
353 3827 520 3887 toFostus
539 3826 668 3888 twentie
687 3826 861 3906 sbellinges
872 3874 880 3904 ‚
904 3825 967 3887 and
985 3823 1056 3904 lyve
1077 3826 1258 3906 shellenges
1269 3874 1278 3905 ‚
1300 3824 1353 3888 for
1370 3846 1391 3890 0

170 3925 332 4006 proleque
349 3929 379 3984 to
394 3925 541 3986 Morloec
560 3925 763 4000 Tomberlen,
778 3943 814 3986 sc
830 3925 863 3985 10
879 3924 921 3986 011
936 3927 948 3984 l
964 3943 1040 4003 saye
1055 3923 1154 4004 payde
1168 3933 1307 4004 twentye
1317 3923 1391 4005 fy've

173 4023 346 4103 shellinges
363 4020 383 4082 ¹.
402 4045 418 4077 »

218 4189 268 4254 Ex
283 4189 436 4274 tempore
450 4188 518 4273 quo
532 4191 611 4256 nota
626 4188 686 4255 illa
702 4189 829 4276 scripta
844 4188 921 4266 1011,
939 4187 1101 4274 consequi
1112 4185 1261 4267 videtur,
1274 4186 1392 4275 inquit
1501 4238 1505 4245 -

173 4295 706 4380 101000001110100,0100011101
730 4297 790 4382 qui
811 4297 847 4363 in
870 4295 1040 4362 classiarii
1055 4294 1207 4381 praelecti
1227 4296 1391 4364 clientela
1502 4294 1506 4305 '

174 4404 284 4482 erant,
307 4403 481 4468 convocati
501 4402 629 4469 fuerint
648 4404 690 4470 ad
710 4403 809 4471 ludos
829 4403 867 4469 in
887 4403 967 4470 aula
982 4403 1078 4490 regia
1098 4400 1285 4482 faciendos,
1301 4404 1390 4471 dum

173 4509 368 4577 Nativitatis
400 4510 480 4576 Jesu
509 4509 635 4575 Christi
664 4509 759 4577 leriae
786 4511 1013 4596 agitarentur.
1044 4510 1095 4575 Ex
1123 4526 1161 4574 ea
1190 4513 1270 4575 nota
1299 4507 1391 4577 illud
1505 4584 1508 4589 ,

173 4632 309 4704 quoque
324 4616 557 4702 consequitur,
576 4620 613 4683 01
628 4616 658 4682 is
673 4616 732 4702 qui
751 4617 862 4684 aulica
879 4616 1072 4704 spectacula
1089 4614 1231 4704 regebat
1241 4613 1390 4703 jusserit
1507 4648 1510 4653 ·

97 4800 104 4809 ²
206 4821 214 4861 ¹
231 4817 287 4873 The
302 4817 384 4886 Diary
398 4819 427 4871 ol
439 4818 528 4887 Philip
543 4819 690 4884 Henslowe,
705 4833 731 4887 p.
746 4818 785 4874 71.
