3120 5474
623 373 781 436 ..93-

94 551 157 625 est,
175 546 332 613 nondum
348 546 384 612 in
399 545 545 613 dubium
560 548 687 612 vocatae
702 542 853 611 fuerunt.
871 543 1067 631 Praecipuus
1081 530 1207 657 lgirum
1217 546 1308 613 locos
1331 526 1387 659 avj

93 653 259 719 Bullenus
287 652 406 720 retulit
436 650 677 739 (Appendices
709 655 744 716 n⁰
769 649 809 738 ΙΙ)
837 655 871 716 et
894 653 1032 738 Paynus
1064 651 1242 729 Collierus‚
1272 649 1309 717 in
1415 642 1420 661 '

91 777 220 826 manus
235 758 335 845 cujus
351 758 512 827 volumen
529 761 680 836 venerat,
699 757 761 824 has
776 759 816 824 in
831 762 978 826 extenso
993 757 1205 845 perscripsit.

137 867 177 933 In
198 884 267 933 una
288 868 400 932 solum
419 866 493 932 dies
518 865 714 951 apponitur.
742 864 881 930 Litteris
902 865 1105 952 consignata
1129 863 1195 930 tuit
1220 882 1310 931 anno

88 975 130 1039 P.
140 974 176 1040 G.
189 975 233 1040 N.
249 971 438 1040 millesimo
454 971 702 1039 sexcentesimo
718 971 985 1058 quadragesimo
997 969 1111 1058 (tolo)
1127 970 1309 1038 antediem

88 1084 257 1163 quartum
283 1079 364 1145 Idus
388 1077 594 1145 Februarias
615 1077 671 1165 (10
695 1077 846 1163 fe'vrier).
872 1079 939 1144 Res
964 1097 1050 1162 quas
1069 1097 1111 1145 ex
1135 1078 1205 1144 illis
1221 1077 1311 1145 acci·

86 1185 221 1271 pimus,
254 1188 424 1271 quantum
457 1184 606 1272 intelligi
632 1188 755 1270 potest,
781 1184 916 1251 traditae
941 1183 1082 1251 fuerunt
1109 1203 1129 1250 a
1155 1184 1311 1252 Marlovii

87 1293 184 1360 socio
213 1292 274 1377 qui
298 1292 335 1358 in
359 1291 484 1358 intima
509 1290 583 1376 eJ'us
608 1289 843 1357 familiaritate
866 1294 1023 1358 versatus
1047 1290 1170 1358 fuerat.
1198 1289 1310 1377 HuJus

86 1417 219 1466 nomen
244 1417 380 1484 semper
399 1398 590 1485 figuratum
606 1399 658 1463 est
683 1397 824 1464 secretis
843 1397 968 1464 litteris
992 1416 1079 1482 quas
1102 1397 1203 1465 hodie
1228 1416 1309 1464 eno-

85 1506 174 1573 dare
189 1522 260 1572 non
278 1522 476 1590 possumus.
497 1505 624 1571 Primae
645 1523 686 1570 ex
700 1504 792 1570 notis
812 1504 948 1583 illisio
968 1504 1086 1572 charta
1111 1508 1202 1572 recta
1216 1505 1310 1571 tituli

85 1611 306 1698 consignatae
321 1610 445 1678 litteris
458 1596 657 1696 compositis
673 1613 706 1676 et
720 1610 835 1688 claris,
853 1611 927 1677 haec
941 1611 1044 1677 verba
1060 1614 1142 1677 sunt
1162 1632 1171 1676 ε
1376 1609 1378 1613 ’

132 1794 145 1824 ι
164 1772 215 1832 Mr
226 1803 266 1814 -
279 1769 368 1832 said¹
385 1769 451 1833 that
464 1772 587 1833 Marloe
603 1789 669 1831 was
685 1790 725 1831 au
742 1768 866 1831 Atheist
880 1769 942 1832 and
953 1777 1060 1833 wrota
1073 1767 1172 1833 boolre
1184 1771 1311 1853 against

85 1865 141 1931 the
155 1865 317 1930 Trinitia²
334 1889 340 1930 :
365 1867 439 1932 how
453 1867 519 1930 that
533 1869 557 1930 it
568 1887 632 1930 was
647 1869 687 1929 all
704 1887 766 1929 ona
781 1887 874 1930 mans
885 1866 1027 1949 making,
1042 1868 1105 1930 and
1116 1869 1220 1932 would
1230 1867 1310 1933 have

85 1966 218 2048 printed
231 1968 268 2040 it,
285 1966 339 2028 but
349 1966 373 2029 it
387 1966 489 2029 would
504 1973 559 2027 not
572 1966 610 2028 ba
625 1964 765 2028 sufferd³
781 1977 812 2028 to
828 1966 865 2028 be
880 1966 1015 2046 printed.
1034 1969 1102 2031 Hea
1116 1983 1187 2030 was
1205 1988 1310 2032 arare

85 2063 218 2127 scholar
225 2063 290 2126 and
300 2063 390 2128 made
400 2066 557 2127 excellant
570 2083 679 2125 verses
690 2063 724 2124 in
735 2063 858 2125 Latine.
872 2065 941 2126 Hae
952 2062 1023 2126 died
1033 2063 1113 2145 agad
1123 2064 1219 2128 about
1227 2064 1278 2129 30.
1292 2089 1306 2121 ι

132 2233 245 2298 Parvo
269 2229 385 2297 labore
414 2227 620 2296 vocabulum
645 2227 787 2295 Trinitie
812 2230 845 2294 et
868 2228 1025 2296 Marlovii
1049 2248 1176 2298 nomen
1199 2231 1308 2318 expli-

87 2341 226 2418 cantur,
254 2337 368 2423 inquit
391 2337 529 2423 Paynus
551 2335 729 2414 Collierus,
746 2335 907 2420 quamvis
923 2336 1063 2402 secretis
1079 2337 1205 2405 litteris
1217 2338 1307 2427 figu-

85 2449 223 2512 rantur.
259 2444 338 2511 Alia
371 2447 463 2522 nota,
494 2442 623 2528 pariter
641 2442 678 2508 in
708 2442 826 2509 charta
854 2445 948 2509 recta
972 2442 1065 2510 tituli
1089 2445 1305 2534 consignata,

86 2555 185 2619 tanta
200 2569 283 2619 cum
302 2568 384 2618 cura
400 2569 497 2617 emsa
517 2548 583 2616 fuit
604 2551 643 2616 ut
659 2549 729 2637 legi
753 2565 821 2614 non
846 2548 968 2633 possit.
989 2550 1028 2616 In
1045 2568 1165 2619 aversa
1189 2552 1308 2620 charta

87 2658 183 2726 tituli
198 2658 328 2745 legitur
342 2657 470 2725 nobilis
493 2656 559 2724 viri
579 2655 636 2723 cui
658 2656 707 2722 sir
726 2656 840 2742 Roger
855 2656 1032 2723 Manwood
1049 2675 1177 2726 nomen
1200 2659 1308 2746 epita-

87 2767 226 2852 phium,
252 2765 407 2850 primum
430 2784 449 2831 a
474 2763 599 2851 Dycio⁴
622 2764 767 2841 editum,
793 2768 827 2830 et
850 2763 925 2831 siue
948 2764 1053 2832 dubio
1072 2765 1220 2833 relatum
1244 2765 1310 2833 luit

87 2860 131 2940 ah
146 2890 186 2940 eo
200 2871 262 2957 qui
275 2874 375 2938 notas
389 2870 528 2956 scripsit
542 2873 582 2938 ut
595 2870 791 2937 ostenderet
805 2871 897 2956 quod
917 2869 1022 2938 fuerit
1037 2871 1192 2940 Marlovii
1208 2872 1307 2960 inge-

88 2980 202 3057 nium,
229 2997 340 3065 quum
362 2977 516 3045 carmina
540 2977 647 3043 latine
671 2975 830 3064 fingeret.
854 2978 892 3043 ln
913 2977 1033 3044 eadem
1050 2996 1169 3047 aversa
1189 2979 1307 3046 charta

89 3087 220 3173 scripta
244 3088 297 3152 est
319 3102 456 3171 quoque
479 3084 546 3152 alia
570 3085 651 3151 nota
678 3101 796 3168 quam,
824 3083 854 3149 si
881 3084 1088 3161 omitterem,
1114 3103 1305 3172 peccarem,

88 3194 180 3279 quod
195 3212 238 3259 ex
253 3192 314 3259 illa
328 3191 490 3258 novimus
505 3209 586 3258 eum
600 3190 661 3277 qui
676 3197 775 3257 notas
791 3190 915 3258 litteris
930 3190 1108 3258 mandavit
1122 3209 1159 3258 se
1174 3191 1217 3260 ad
1233 3194 1305 3259 stu·

89 3300 187 3368 dium
200 3298 429 3387 philosophiae
442 3300 477 3365 et
491 3297 690 3366 divinarum
703 3315 822 3364 rerum
838 3297 1036 3364 contulisse.

129 3471 145 3513 ι
168 3453 361 3532 Quanquam
376 3450 566 3513 Aristoteles
581 3451 709 3531 reliquit
725 3449 855 3512 dubium
874 3449 1035 3531 problema
1045 3449 1307 3514 hocasseAnsit

88 3552 232 3615 mundus
242 3556 397 3628 aeternus,
409 3557 516 3613 tamen
528 3548 563 3610 in
574 3568 645 3612 eam
656 3548 846 3611 sententiam
858 3548 990 3610 inclinat
1000 3547 1089 3631 quod
1097 3549 1140 3612 ait
1150 3553 1304 3612 aeternna.

87 3653 203 3733 Neque
228 3650 314 3712 anim
338 3647 479 3712 humana
500 3648 581 3710 ratio
604 3647 700 3710 altius
717 3655 821 3728 potest
840 3646 1014 3710 ascendere
1029 3666 1125 3727 quam
1141 3655 1176 3709 ut
1189 3656 1309 3710 statuat

86 3748 248 3812 mundum
259 3767 331 3810 asse
340 3758 548 3823 aeternum,et
557 3747 1067 3830 infinitoshominospraecessisse
1077 3768 1148 3830 nos,
1155 3769 1193 3813 ac
1203 3750 1304 3832 sequi,

87 3846 142 3911 hic
169 3847 296 3928 cogitur
319 3847 503 3909 subsistere.
535 3847 597 3910 Sed
625 3867 665 3909 ex
689 3845 747 3909 hac
772 3847 843 3928 ipsa
863 3846 1008 3926 sequitur
1033 3848 1308 3930 periculosissima

84 3945 211 4029 opinio,
228 3943 311 4026 quod
327 3945 436 4007 anima
456 3945 498 4008 sit
517 3944 672 4019 mortalis,
689 3945 765 4025 quia
780 3942 979 4026 philosophia
994 3946 1096 4010 nescit
1119 3945 1213 4029 plura
1235 3946 1307 4008 infi-

86 4044 170 4114 nita,
186 4061 320 4105 necessa
334 4042 421 4104 enim
443 4051 492 4106 est
511 4042 667 4106 rationem
689 4040 863 4105 humanam
888 4044 1053 4124 majestate
1067 4041 1181 4107 harum
1196 4063 1304 4107 rerum

86 4141 195 4218 obrui,
212 4149 243 4204 et
256 4140 445 4223 impingere.
463 4173 501 4184 -
515 4139 608 4203 Luth.
625 4142 725 4206 Enar.
739 4141 773 4203 in
788 4140 871 4222 prim
885 4159 955 4222 cap.
973 4141 1053 4203 Gen.
1070 4164 1084 4196 »

123 4335 132 4370 ¹
146 4335 200 4386 Pro
213 4337 304 4386 tractu
314 4337 341 4385 et
356 4334 439 4387 verbo
450 4335 521 4399 auid,
533 4335 662 4388 Bullenus
671 4334 761 4386 solum
774 4334 826 4386 hoc
842 4333 1007 4401 interposuit
1021 4350 1027 4385 :
1041 4332 1101 4399 (two
1112 4333 1202 4385 words
1211 4334 1305 4397 follow

84 4414 321 4548 tn'cgffiom
339 4495 479 4548 vocabulis
498 4513 505 4546 :
528 4495 581 4546 Tha
598 4494 720 4558 Trionis,
735 4495 835 4561 legitur
850 4494 923 4560 apud
936 4493 1078 4546 Bullenum
1100 4494 1159 4557 (two
1172 4495 1262 4545 worda
1274 4494 1304 4545 in

86 4575 250 4708 mimir&
264 4655 391 4720 (Bullan).

118 4737 130 4772 ⁸
144 4738 174 4788 ln
190 4735 310 4788 editione
320 4749 372 4788 sua
384 4733 615 4788 Marlovianorum
629 4746 752 4801 operum.
