3120 5474
687 418 867 485 ..190-

173 610 233 657 rus
252 607 321 657 non
336 595 569 679 repugnanter
583 592 755 661 audiebatl
773 592 832 659 tali
850 598 1001 678 tempore
1016 594 1173 660 eamdem
1187 593 1289 660 animi
1301 592 1352 659 vir-

173 699 280 764 tutem
296 698 500 773 ostendisse,
512 717 621 783 neque
638 699 769 765 iamdiu
786 700 821 764 in
837 699 966 765 incerto
978 700 1138 767 habuisse
1149 701 1229 785 quid
1245 700 1353 767 consilii

171 808 318 889 caperet.
345 804 380 871 Si
404 800 517 872 tabula
534 804 599 871 sibi
613 812 713 890 grata
732 823 800 871 non
815 804 949 881 luisset,
968 806 1144 873 Elisabeth
1160 807 1247 873 hanc
1260 826 1276 872 a
1291 805 1354 872 Fani

171 910 270 997 Regii
286 910 406 978 Pueris
420 910 476 998 agi
493 928 562 978 non
577 912 725 989 tulisset,
746 914 781 977 et
799 911 869 977 illis
888 911 1023 978 callidis
1041 912 1284 981 blandimentis
1299 930 1356 998 per-

171 1019 303 1096 mulsa,
333 1035 399 1084 non
430 1036 521 1105 aegre
551 1018 625 1084 sine
654 1017 760 1085 dubio
782 1018 954 1085 oblivione
977 1018 1150 1086 deleverat
1177 1018 1357 1086 memoriam

170 1123 444 1192 inconsultorum
463 1126 632 1193 dictorum
653 1125 819 1205 llarlovii,
845 1127 904 1211 qui
930 1144 1137 1195 enumerans
1161 1129 1197 1194 in
1222 1127 1358 1195 Eduardo

172 1232 321 1298 secundo
335 1231 503 1299 lenocinia
520 1232 647 1318 quibus
661 1233 830 1299 Gaveston
850 1250 967 1320 regern
988 1234 1022 1299 in
1048 1250 1194 1319 pravum
1217 1234 1357 1309 traxerat,

171 1335 270 1404 ludos
293 1342 327 1405 et
349 1339 542 1423 spectacula
570 1358 648 1426 quae
672 1343 755 1407 tunc
778 1339 941 1427 vigebant
961 1340 997 1405 in
1017 1341 1094 1408 aula
1114 1342 1211 1428 regia
1230 1358 1359 1408 comme·

170 1449 401 1513 moraverat¹.
427 1446 586 1532 Simpson
610 1448 696 1514 alios
719 1446 883 1515 indicavit
906 1449 998 1515 locos
1025 1447 1153 1533 quibus
1179 1446 1360 1523 Marlorius,

165 1551 298 1637 judicio
320 1571 394 1630 sue,
420 1553 549 1640 reginae
572 1554 698 1631 adhuc,
728 1554 909 1621 obscurius
935 1559 1063 1633 autem,
1088 1555 1212 1622 alludit
1239 1557 1272 1621 et
1292 1570 1363 1639 quos

170 1659 359 1739 Elisabeth,
386 1659 462 1726 sine
484 1658 600 1738 dubio,
627 1680 720 1747 aegre
743 1660 898 1740 tulisset,
924 1661 953 1727 si
977 1661 1055 1727 illos
1079 1660 1116 1727 in
1144 1679 1221 1728 eam
1249 1662 1364 1746 partem

169 1766 368 1851 accepisset.

211 1944 225 1975 ι
246 1921 338 1997 Dido,
358 1921 461 2003 inquit
481 1919 692 2004 Simpson²...
713 1922 824 1986 dwells
843 1941 885 1986 on
900 1924 953 1986 the
968 1923 1108 1998 Quean‘s
1121 1941 1324 1985 manoeuvres
1342 1928 1368 1982 to

169 2020 249 2102 keep
267 2021 388 2083 AEneas
412 2029 443 2082 at
464 2021 521 2081 her
539 2028 641 2082 court.
668 2022 774 2083 Those
796 2022 870 2083 who
894 2022 989 2084 knew
1016 2019 1207 2084 Ehzabeth’s
1235 2041 1323 2101 ways
1345 2010 1372 2081 oi

169 2117 306 2199 keeping
320 2119 378 2180 her
397 2117 580 2197 iavourites‚
603 2118 666 2181 like
680 2121 795 2198 Essex,
817 2115 898 2182 from
910 2116 1037 2201 joining
1051 2119 1236 2201 dangerous
1251 2116 1372 2200 expedi-

169 2216 264 2296 lions,
290 2236 326 2278 as
349 2216 496 2279 narrated
519 2215 551 2278 in
574 2216 676 2279 Fulke
700 2215 865 2280 Greville’s
890 2212 958 2280 Life
979 2216 1015 2280 of
1034 2214 1165 2298 Sidney,
1191 2224 1279 2280 must
1300 2217 1374 2278 have

169 2312 261 2376 made
274 2314 327 2377 the
342 2314 474 2377 obvious
489 2314 680 2396 application
694 2314 729 2378 oi
738 2316 791 2378 the
806 2315 927 2378 drama.
943 2338 959 2372 a

213 2488 281 2556 Res
295 2488 416 2574 incipit
435 2487 616 2576 naufragio
631 2490 762 2567 AEneae‚
783 2489 927 2557 adversa
946 2492 1148 2574 tempestate
1168 2489 1206 2556 in
1219 2487 1378 2557 Africana

170 2595 283 2662 littora
304 2595 415 2681 ejecti,
433 2601 468 2661 et
492 2597 709 2663 concluditur
731 2596 806 2682 ejus
828 2595 984 2664 discessu
1003 2598 1037 2662 et
1051 2599 1162 2662 morte
1178 2596 1289 2664 Didus
1306 2615 1380 2682 quaa

169 2721 206 2769 se
220 2703 256 2769 in
273 2703 348 2790 rogi
363 2703 481 2790 ignem
496 2702 608 2788 injicit
621 2702 785 2789 Trojanas
800 2703 946 2771 videndo
956 2720 1062 2769 naves
1076 2702 1382 2791 eCarthaginiensi

168 2814 267 2895 portu
296 2812 471 2875 exeuntes.
500 2811 585 2877 Cum
614 2811 797 2895 praecipuis
819 2810 1020 2897 Virgilianae
1045 2810 1258 2879 narrationis
1284 2811 1382 2890 locis,

168 2915 364 3002 frequenter
377 2915 481 2982 etiam
497 2934 578 2984 cum
597 2917 746 3005 singulis
764 2917 870 2984 rebus
887 2917 1073 2994 concurrit,
1095 2921 1130 2984 et
1148 2918 1339 2985 Marlovius
1351 2921 1385 2985 el

167 3025 315 3090 Thomas
333 3024 438 3102 Nash,
455 3023 514 3108 qui
530 3022 609 3109 jure
629 3023 787 3091 AEueidis
806 3024 960 3092 carmina
981 3042 1050 3090 non
1075 3023 1251 3091 serviliter
1274 3024 1385 3092 secuti

169 3134 261 3212 sunt,
287 3135 320 3197 et
343 3130 486 3197 verbum
507 3131 610 3197 verbo
628 3130 773 3198 reddero
798 3148 865 3197 non
890 3132 1125 3207 tentaverunt,
1149 3131 1243 3215 quod
1271 3130 1386 3198 fauste

167 3237 242 3304 lieri
256 3255 324 3304 non
340 3241 483 3322 poterat,
500 3236 636 3303 fortuna
651 3238 795 3304 metiore
808 3237 859 3304 rei
874 3241 994 3304 eventa
1012 3237 1222 3324 virgiliique
1242 3241 1385 3305 senten·

167 3344 236 3412 tias
262 3347 296 3410 et
323 3362 446 3410 sensus
474 3343 600 3411 imitati
623 3348 717 3411 sunt,
741 3344 950 3432 Legentibus
974 3349 1091 3410 tamen
1118 3346 1253 3432 gratior
1275 3362 1385 3429 quam

169 3450 401 3537 spectantibus
422 3451 589 3538 tragoedia
608 3451 717 3518 luisse
733 3451 881 3519 videtur.
908 3449 1086 3536 imprimis
1107 3449 1284 3518 scribendi
1310 3455 1385 3518 arte

167 3557 259 3624 valet
281 3560 315 3624 et
337 3556 421 3624 locis
436 3556 618 3624 AEneidem
643 3557 888 3625 ammantibus
911 3558 1038 3642 quibus
1060 3556 1254 3644 legentium
1270 3557 1385 3625 animi

168 3666 372 3731 revocantur
394 3663 437 3731 ad
461 3661 645 3750 Virgiliani
673 3661 841 3747 poematis
870 3660 1097 3739 memoriam,
1124 3663 1159 3726 et
1185 3661 1231 3727 ad
1259 3662 1385 3729 laudes

168 3770 350 3855 utriusque
365 3768 478 3854 operis
497 3768 588 3835 inter
607 3787 645 3834 se
658 3768 883 3836 conferendas
896 3767 1099 3834 incitantur.
1119 3768 1195 3834 Nou
1215 3769 1384 3835 continuo

168 3876 283 3944 fabula
298 3877 400 3944 nodis
411 3876 519 3943 deest.
534 3876 603 3943 Res
618 3875 784 3964 tragoedia
799 3875 989 3961 postulatas
1004 3873 1167 3941 continet.
1181 3874 1383 3960 Argumen-

167 3988 243 4052 tum
253 3987 369 4052 autem
379 3983 545 4072 magisad
555 3982 691 4069 epicum
701 3998 807 4069 quam
817 3982 859 4050 ad
869 3981 1042 4070 tragicum
1051 3997 1164 4067 genus
1173 3981 1338 4065 pertinet,
1349 3984 1383 4048 et

168 4090 255 4160 illud
271 4092 358 4158 bene
368 4089 552 4159 aestimavit
564 4089 732 4178 Virgilius
742 4108 850 4176 quum
861 4104 935 4155 rem
945 4087 1060 4155 nonin
1071 4104 1211 4154 scenam
1227 4087 1378 4167 induxit,

169 4199 228 4266 sed
251 4198 288 4266 in
308 4215 430 4286 poema
454 4213 557 4265 suum
580 4196 733 4265 inclusit.
759 4196 794 4263 Si
818 4198 1011 4282 spectantes
1034 4193 1150 4262 fabula
1177 4212 1319 4262 movere
1341 4195 1378 4261 in

169 4304 286 4374 animo
298 4304 416 4386 habes,
434 4319 573 4373 necesse
591 4306 643 4371 eat
666 4307 705 4371 ut
727 4318 884 4389 personae
906 4302 962 4370 sui
985 4303 1140 4387 potentes
1160 4300 1376 4382 sinteinan

198 4540 487 4677 :Ro-lgm&
503 4619 592 4674 ottho
611 4618 691 4685 stage
707 4619 736 4671 in
754 4616 928 4684 Shakspere’s
944 4618 1030 4683 Time,
1049 4618 1082 4682 by
1099 4610 1219 4668 sichard
1239 4612 1373 4682 Simpson.

167 4727 199 4742 —-
211 4701 266 4756 The
285 4703 349 4757 New
371 4703 523 4768 Shakspere
543 4699 671 4764 Society’s
692 4698 894 4758 Transeamus,
914 4698 968 4750 vol.
990 4699 1010 4760 l,
1031 4697 1100 4760 lull,
1119 4711 1148 4762 p.
1174 4696 1232 4759 eet,
1255 4691 1373 4761 London,

167 4784 301 4849 Trtlbner,
314 4782 391 4836 inb.
