3120 5474
676 1080 816 1147 CAPUT
842 1082 873 1147 Il

247 1317 307 1380 De
329 1313 516 1398 dramate
538 1331 642 1379 novo
664 1313 778 1411 etqde
800 1314 851 1379 iis
872 1316 952 1398 qui,
974 1315 1171 1382 Marlovio
1193 1315 1298 1399 vivo,

556 1428 718 1495 fabulas
740 1430 997 1513 scripserunt

210 1710 376 1777 Notatum
398 1711 466 1787 est,
488 1710 521 1774 et
545 1726 627 1774 sane
645 1709 820 1776 notatione
843 1710 990 1796 dignum
1015 1712 1083 1788 est,
1107 1727 1146 1776 eo
1165 1712 1330 1796 tempore,
1347 1711 1384 1778 id
1464 1718 1467 1723 ’

165 1818 219 1882 est
240 1814 344 1901 paulo
366 1818 551 1899 antequam
569 1815 755 1882 llarlovius
779 1815 930 1902 primam
954 1815 1151 1883 fabularum
1180 1835 1321 1883 suarum
1347 1817 1384 1883 in

165 1940 308 1988 scenam
332 1922 527 2000 induceret,
559 1924 767 2005 spectantes,
795 1921 949 1988 scenicos
976 1921 1178 2008 theatraque
1196 1924 1382 2003 exstitisse,

164 2026 302 2095 fabulas
326 2030 443 2095 autem
460 2025 623 2094 defuisse.
646 2027 800 2119 Dramati
821 2045 908 2094 novo
923 2031 1091 2112 exoptato,
1109 2030 1255 2114 praeviso
1279 2030 1384 2096 etiam

164 2136 199 2199 et
215 2134 423 2200 adumbrato
446 2152 466 2200 a
489 2133 697 2219 quibusdam
723 2135 949 2220 scriptoribus
970 2154 1119 2220 quorum
1140 2135 1265 2203 fabulae
1279 2137 1384 2203 rudes

163 2242 284 2306 tamen
307 2242 340 2305 et
359 2240 528 2306 inchoatae
551 2241 665 2318 erant,
692 2240 779 2307 nihil
795 2242 911 2308 deerat
933 2240 1002 2308 nisi
1021 2242 1112 2325 quod
1137 2242 1384 2310 scriberetura

164 2345 338 2412 litteratis¹
362 2346 405 2411 ad
437 2346 524 2412 illud
553 2347 757 2432 congruenti
786 2345 897 2413 forma
933 2347 1149 2414 induendum
1175 2348 1381 2417 valentibus.

163 2452 193 2518 li
213 2451 398 2519 confestim
417 2454 666 2536 apparuerunt,
687 2471 836 2538 quorum
852 2450 1068 2520 celeberrimi
1088 2457 1194 2521 sunt:
1216 2457 1382 2533 Greenus‚

164 2557 303 2636 Peelus‚
335 2557 440 2637 Nash,
471 2558 636 2645 Lodgius‚
664 2562 698 2626 et
724 2558 784 2643 qui
807 2559 939 2644 primas
963 2561 1067 2637 tenet,
1092 2560 1289 2627 Marlovius.
1313 2561 1385 2627 lllis

164 2663 316 2750 contigit
330 2665 369 2730 ut
387 2681 515 2730 novum
531 2663 650 2730 drama
667 2663 932 2732 informaverint
945 2683 1050 2750 prope
1063 2665 1266 2750 perfectum,
1284 2667 1385 2734 itaut

165 2770 250 2836 huic
273 2771 428 2836 extrema
452 2787 577 2836 manus
597 2770 665 2836 viri
685 2771 971 2855 praestantissimo
996 2771 1136 2858 ingenio
1156 2771 1292 2857 praediti
1313 2772 1385 2839 sola

164 2875 314 2942 deesset.
328 2875 399 2941 Hoc
418 2893 505 2959 opus
520 2877 776 2943 consummavit
795 2877 1068 2962 Shakespearus,
1090 2879 1124 2944 et
1142 2877 1186 2943 ab
1205 2895 1244 2944 eo
1264 2878 1384 2945 drama

166 2998 297 3048 novum
313 2980 415 3065 plane
431 2981 629 3049 absolutum
644 2981 774 3049 factum
790 2981 867 3049 fuit.

212 3086 246 3153 Si
265 3086 442 3172 percipere
461 3087 554 3154 voles
574 3088 745 3172 quomodo
761 3088 948 3156 adoleverit
962 3089 1082 3156 drama
1097 3106 1226 3156 novum
1246 3092 1279 3155 et
1294 3089 1385 3156 intra

167 3209 295 3277 paucos
315 3209 423 3258 annos
442 3191 591 3260 formam
611 3212 716 3279 quam
731 3195 882 3262 servavit
900 3194 1069 3275 induerit,
1090 3195 1248 3262 animum
1266 3195 1385 3261 mittes

167 3298 205 3364 in
233 3300 373 3364 aetatem
404 3317 472 3382 qua
499 3302 621 3366 natum
649 3303 717 3380 est,
748 3303 783 3367 et
810 3320 946 3387 quaeres
974 3301 1101 3387 quibus
1126 3304 1322 3386 temporum
1351 3304 1385 3368 et

168 3403 324 3471 locorum
339 3403 513 3490 adjunctis
527 3409 642 3472 ortum
658 3406 715 3473 sit.

215 3511 370 3595 Apparet
407 3511 621 3597 temporibus
658 3512 701 3579 ad
741 3511 861 3598 rapida
898 3512 1111 3580 incrementa
1147 3510 1293 3579 idoneis.
1332 3511 1385 3578 Ab

170 3616 311 3701 antiqua
328 3617 578 3685 consuetudine
597 3619 816 3704 Europenses
832 3598 949 3704 populi
969 3617 1132 3685 abstracti
1151 3616 1292 3685 fuerant⁴
1308 3618 1385 3702 plu-

170 3721 269 3789 ribus
296 3722 468 3802 inventis,
499 3724 533 3790 et
559 3723 698 3810 ingenia
736 3742 805 3791 non
835 3737 943 3792 secus
967 3743 1008 3792 ac
1039 3742 1154 3791 mores
1187 3723 1387 3819 perturbata

171 3832 280 3894 erant.
316 3829 501 3896 Immensae
535 3831 638 3897 terrae
674 3830 711 3897 in
731 3831 903 3897 obeuntis
936 3830 1019 3897 solis
1052 3829 1210 3916 partibus
1243 3830 1387 3915 repertae

170 3930 329 4012 fuerant;
355 3933 518 4000 latissimi
541 3933 654 4020 campi
675 3934 713 4000 in
738 3952 835 4019 spem
858 3934 1118 4002 ostentabantur
1145 3935 1254 4019 aperti
1278 3951 1387 4019 quum

170 4039 283 4123 pacis,
310 4040 386 4105 tum
405 4039 541 4106 militiae
562 4040 717 4119 artibus,
742 4043 776 4107 et
790 4040 930 4106 illorum
947 4043 1147 4126 prospectus
1162 4039 1386 4124 cupiditatem

171 4144 392 4212 accendebat.
425 4145 510 4212 Arte
542 4145 808 4232 typographica,
843 4126 955 4231 nuper
989 4146 1147 4226 inventa,
1177 4145 1243 4211 viri
1271 4146 1387 4211 mente

171 4269 234 4318 sua
252 4249 296 4316 ab
312 4250 510 4318 audendum
525 4251 667 4337 projecti
685 4251 924 4319 vehementius
939 4253 981 4319 ad
996 4251 1140 4321 consilia
1155 4249 1317 4316 calidiora
1333 4249 1386 4314 in-

149 4346 381 4436 citabantur,
398 4360 432 4423 et
445 4356 666 4424 exsultabant
683 4357 867 4442 desipienti
883 4350 1093 4444 arrogantia.
1110 4354 1221 4423 Nullis
1236 4356 1385 4420 exterre-

169 4459 300 4528 bantur
312 4460 471 4545 inceptis.
488 4461 604 4527 Rebus
618 4461 824 4528 inconsultis
842 4463 876 4526 et
890 4460 1093 4545 periculosis
1112 4451 1384 4536 attrahebantur,

170 4567 304 4634 nedum
325 4565 583 4650 repellerentur.
596 4566 738 4632 Laboris
757 4566 918 4653 gloriam,
930 4583 1000 4631 non
1017 4584 1153 4651 poenam
1174 4565 1384 4652 cogitabant,

170 4671 252 4739 etin
262 4670 436 4739 obstantia
447 4672 687 4739 vehementem
702 4670 872 4740 faciebant
883 4672 1065 4757 impetum,
1078 4670 1132 4756 cuj
1137 4690 1177 4738 us
1188 4674 1332 4740 eventus
1342 4667 1387 4736 ad

169 4795 271 4863 spem
286 4776 416 4862 saepius
430 4777 617 4865 respondit.
958 4778 961 4783 ’
