3150 5476
703 378 879 441 -153-

185 549 314 618 utendo
339 553 377 617 ut
400 568 537 616 omnem
558 549 736 617 oculorum
752 569 892 616 sensum
913 549 1067 638 effugiat,
1089 550 1179 616 intra
1194 549 1397 617 Vaticanum

185 662 354 742 penetrat,
379 661 413 724 et
440 657 595 745 indignis
625 675 804 723 summum
833 657 1032 724 Pontificem
1059 659 1254 725 Romanum
1278 660 1397 724 contu-

185 763 302 830 meliis
317 763 435 831 afficit.
457 766 524 831 Res
543 764 685 831 omnino
711 765 803 843 latet,
829 767 862 830 et
885 782 954 830 non
977 765 1013 831 in
1032 784 1158 852 magno
1173 766 1328 851 ponenda
1348 768 1399 831 est

185 871 400 937 discrimine.
419 870 454 937 Si
469 871 655 938 Narlovius
674 871 789 937 locum
806 871 906 937 illum
921 888 989 937 non
1006 871 1193 957 scripserit,
1206 872 1236 937 is
1251 875 1323 956 erat
1338 871 1397 956 qui

184 977 267 1044 talia
286 977 434 1044 libenter
448 978 484 1043 in
499 970 637 1045 scenam
658 978 863 1056 induxisset,
877 997 915 1044 co
930 977 1073 1045 consilio
1084 983 1121 1045 ut
1131 997 1228 1046 novae
1238 978 1398 1064 religioni

183 1083 324 1166 faveret,
359 1087 413 1152 vel
447 1088 484 1151 ut
516 1084 619 1170 hujus
653 1084 843 1151 fautoribus
872 1085 1097 1162 blandiretur,
1124 1086 1235 1151 atres
1273 1084 1399 1151 insevit

184 1192 369 1258 atrociores
386 1192 422 1258 in
437 1191 590 1286 fabulam
606 1211 683 1277 quae
702 1192 772 1258 The
786 1195 968 1260 Mossdcre
982 1195 1022 1257 at
1047 1193 1160 1258 Poris
1181 1191 1395 1258 inscribitur.

228 1301 395 1389 Faustum
416 1301 449 1365 et
467 1302 609 1365 cunctas
633 1298 766 1364 fabulas
786 1317 871 1382 quas
892 1299 926 1364 in
947 1301 1123 1384 posterum
1145 1298 1239 1365 dedit
1259 1317 1396 1384 compo·
1447 1388 1449 1392 ι

177 1407 307 1485 nendo,
329 1406 513 1473 Narlovius
533 1406 690 1472 versibus
706 1424 774 1471 non
793 1406 953 1473 similiter
972 1404 1210 1472 desinentibus
1229 1424 1314 1472 usus
1331 1409 1394 1471 est.

159 1590 161 1595 ,
183 1514 223 1579 In
241 1511 356 1579 locum
372 1532 493 1580 versus
508 1511 687 1578 referentis
702 1512 862 1578 eumdem
887 1511 924 1576 in
941 1511 1093 1578 cadendo
1109 1529 1233 1577 sonum
1252 1510 1397 1597 subjecit

183 1620 297 1698 illurn,
314 1624 390 1686 tum
409 1620 514 1686 etiam
537 1637 645 1704 quum
666 1618 818 1685 carmina
833 1613 1013 1702 colloquiis
1038 1636 1264 1702 personarum
1287 1618 1396 1691 mixta

183 1727 360 1793 scriberet.
379 1726 541 1808 Quaedam
556 1728 672 1791 tamen
686 1729 800 1810 partes
816 1726 926 1791 soluta
941 1725 1094 1792 oratione
1108 1725 1209 1791 dictae
1224 1730 1316 1791 sunt.
1330 1724 1395 1790 Sed

182 1833 336 1900 nescitur
351 1851 395 1899 an
409 1826 593 1899 Marlovius
604 1833 666 1897 has
678 1832 865 1917 scripserit.
884 1832 921 1898 ld
935 1832 1039 1898 etiam
1055 1831 1196 1917 propius
1211 1835 1262 1898 est
1276 1831 1392 1910 tidem,

135 1984 139 1993 ·
182 1939 245 2006 has
268 1958 355 2025 opus
384 1958 459 2006 esse
479 1957 599 2006 eorum
620 1939 680 2023 qui
704 1938 854 2005 fabulam
878 1942 1125 2024 postmortem
1141 1938 1393 2024 ejusretracta-
1460 1957 1462 1962 ·

180 2054 317 2127 verunt,
335 2051 368 2113 et
383 2047 474 2113 locos
489 2046 708 2112 intromissos
727 2046 973 2130 componendo,
991 2046 1152 2113 invicem
1168 2064 1288 2112 versus
1306 2045 1395 2111 solu-

180 2157 252 2219 tam
286 2154 474 2220 orationem
507 2154 759 2235 adhibuissent,
789 2154 893 2240 quod,
923 2171 1063 2238 operam
1087 2171 1192 2238 quam
1215 2152 1394 2220 celerrime

180 2260 348 2328 conticere
363 2261 584 2347 cupivissent.

224 2369 387 2448 Faustus,
412 2367 567 2453 proxime
597 2372 698 2452 atque
718 2369 952 2446 Tamerlanus,
981 2368 1123 2453 plausus
1147 2367 1267 2434 movit.
1297 2367 1392 2435 Veri-

179 2474 295 2541 simile
319 2479 371 2541 est
385 2476 520 2542 Caedem
537 2475 734 2540 Pariensem
754 2493 823 2541 non
843 2475 996 2543 minores
1015 2476 1157 2560 plausus
1177 2474 1391 2554 excitavisse‚

179 2580 340 2667 quamvis
355 2581 458 2648 lateat
473 2582 644 2666 quomodo
664 2581 777 2648 tabula
797 2583 1000 2649 successerit
1015 2585 1048 2648 et
1063 2601 1130 2668 quo
1145 2585 1297 2667 tempore
1317 2584 1393 2648 acta

180 2690 258 2756 sit1.
277 2689 312 2755 Si
331 2691 421 2754 notae
440 2688 476 2753 in
501 2688 749 2755 Henslovianas
768 2688 903 2755 tabulas
923 2689 1098 2774 inscriptae
1116 2708 1206 2755 anno
1228 2691 1266 2755 P.
1287 2688 1322 2754 C.
1351 2690 1391 2754 N.

179 2797 366 2863 millesimo
381 2795 659 2881 quingentesimo
674 2796 898 2882 nonagesimo
917 2800 1038 2881 quarto
1055 2793 1181 2883 (1594),
1206 2813 1267 2880 par
1286 2794 1392 2877 Quin-

178 2905 289 2982 tilem,
306 2903 469 2969 Sextilem
485 2905 518 2967 et
532 2902 767 2986 Septembrem
788 2920 941 2969 mensem
967 2903 1009 2969 ad
1029 2901 1183 2969 fabulam
1203 2901 1238 2967 in
1254 2918 1392 2968 scenam
1413 2967 1415 2970 ,

177 3012 357 3088 reductam
393 2998 598 3093 respiciunt,
642 3010 825 3076 ostendunt
862 3009 995 3075 Caedem
1033 3008 1263 3075 Parisiensem
1299 3008 1391 3093 apud

177 3117 346 3201 populum
369 3116 406 3182 in
430 3116 581 3182 maxima
604 3117 715 3202 gratia
739 3115 858 3184 fuisse.
885 3119 972 3183 Eam
996 3117 1109 3182 solum
1132 3115 1238 3181 semel
1262 3114 1391 3181 editam

177 3223 447 3290 fuissecredunt
467 3226 500 3289 et
522 3223 692 3290 volumini
709 3242 778 3290 non
797 3224 974 3310 appositus
992 3226 1044 3289 est
1060 3233 1172 3289 annus
1195 3221 1255 3305 qui
1275 3223 1391 3288 tamen

177 3330 315 3397 videtur
334 3329 441 3397 fuisse
455 3346 566 3394 annus
577 3330 614 3395 P.
632 3330 666 3394 C.
685 3330 725 3394 N.
744 3329 951 3395 millesimus
967 3328 1268 3415 quingentesimus
1284 3346 1390 3395 nona·

177 3437 335 3524 gesimus
345 3437 488 3523 quintus
499 3437 551 3503 vel
562 3454 673 3503 annus
687 3436 746 3522 qui
761 3436 983 3520 consequitur
1000 3433 1100 3522 (1595
1110 3453 1155 3501 ou
1167 3432 1264 3522 l596)
1276 3435 1300 3499 2.
1321 3434 1391 3501 The

176 3548 362 3613 Mossocre
380 3549 421 3612 ot
435 3545 544 3612 Paris
563 3543 655 3609 clare
670 3546 839 3609 memorat
855 3543 1039 3627 hispanam
1059 3541 1204 3608 classem
1228 3559 1248 3606 a
1273 3559 1390 3606 rerum

177 3651 406 3736 scriptoribus
430 3657 586 3720 vocatam
609 3654 790 3730 Armodo,
812 3671 853 3719 ex
868 3671 937 3739 quo
953 3634 1183 3736 consequitur
1211 3653 1250 3718 ut
1273 3651 1390 3718 sabula

176 3757 236 3824 illa
264 3760 468 3844 paulopost
497 3777 626 3826 annum
651 3760 879 3831 millesimum
909 3758 1230 3846 quingentesimum
1260 3760 1393 3844 octoge-

177 3865 308 3930 simum
324 3869 483 3933 octavum
503 3863 616 3952 (1588)
639 3869 712 3932 acta
737 3865 852 3944 fuerit,
879 3870 912 3931 et
930 3885 983 3932 res
998 3865 1135 3933 videtur
1159 3865 1284 3931 habere
1303 3866 1391 3932 hanc

176 3971 248 4040 vim
272 3977 311 4039 ut
332 3972 512 4039 confirmet
531 3973 736 4039 sententiam
756 3992 876 4040 eorum
900 3974 960 4060 qui
985 3977 1107 4058 putant
1130 3973 1265 4039 Caedem
1294 3972 1391 4038 Pari-

177 4078 327 4145 siensem
364 4085 443 4146 ante
479 4081 690 4147 Melitensem
723 4082 881 4148 Judaeum
911 4083 1022 4147 actam
1052 4079 1171 4146 luisse.
1202 4081 1251 4145 llo
1283 4079 1391 4164 Payni

211 4263 220 4297 ¹
239 4262 295 4313 The
314 4263 449 4314 hlassacre
469 4257 589 4315 dareris
605 4283 611 4314 :
632 4265 710 4319 With
724 4265 770 4316 the
785 4265 867 4323 death
887 4264 915 4316 ol
931 4265 978 4315 the
997 4264 1072 4315 Duke
1095 4263 1124 4315 oi
1145 4262 1234 4314 Guise.
1252 4263 1288 4313 As
1303 4263 1325 4312 it
1337 4277 1394 4316 was

173 4342 265 4408 plaide
279 4343 316 4407 by
334 4343 380 4394 the
394 4345 469 4407 right
489 4345 656 4396 honourable
670 4346 716 4396 the
730 4346 799 4396 Lord
820 4346 887 4408 high
903 4344 1034 4396 Admirall
1048 4344 1092 4395 his
1116 4343 1253 4395 Servants.
1268 4343 1393 4396 Written

174 4423 212 4486 by
223 4421 400 4487 Christopher
414 4423 548 4474 Marlowe.
558 4426 591 4475 At
600 4424 709 4475 London
725 4425 836 4475 Printed
847 4426 882 4490 by
893 4426 920 4475 E.
931 4426 961 4475 A.
975 4424 1016 4475 ior
1029 4424 1140 4474 Edward
1151 4422 1253 4480 White,
1264 4422 1394 4487 dwelling

173 4514 257 4553 ncere
269 4503 315 4553 the
329 4503 398 4553 little
409 4503 496 4554 North
505 4504 587 4554 doore
600 4504 629 4554 ol
639 4504 664 4554 S.
679 4505 774 4556 Paulos
788 4506 898 4556 Church
907 4509 935 4555 at
948 4505 994 4555 the
1006 4505 1082 4567 signe
1096 4503 1125 4553 oi
1133 4503 1181 4554 the
1193 4502 1253 4554 Gun
1263 4502 1392 4568 (Bellen).

208 4585 220 4618 ὓ
318 4582 368 4632 Did
381 4583 416 4632 he
431 4582 530 4647 (Gulae)
550 4587 598 4634 not
616 4596 697 4634 cause
715 4584 762 4635 the
779 4585 845 4650 king
862 4585 891 4634 ol
901 4583 1004 4649 Spain's
1017 4584 1088 4649 huge
1100 4584 1162 4632 deet

310 4662 348 4713 To
359 4662 484 4713 threaten
499 4662 629 4729 England,
645 4664 698 4715 and
710 4667 738 4714 to
753 4677 865 4714 menaea
878 4665 942 4715 me?

733 4743 845 4810 (Bullen,
858 4744 911 4797 vol.
927 4745 958 4807 ll,
971 4759 997 4813 p.
1012 4744 1067 4796 288.
1080 4771 1112 4782 -
1123 4743 1165 4799 Sc.
1178 4743 1248 4800 XXI.
