3120 5474
683 317 859 381 -nll-

168 493 329 581 propriis.
347 494 418 562 Hoc
432 510 517 579 opus
530 491 671 559 demum
685 488 816 558 aditum
832 488 898 557 fuit
915 506 1006 557 anno
1020 490 1058 556 P.
1074 490 1112 557 C.
1129 491 1171 557 N.
1187 487 1365 554 millesimo

169 599 448 688 quingentesimo
467 597 689 685 nonagesimo
707 600 825 665 octavo
840 595 964 683 (1598).
980 615 1063 664 cura
1086 596 1227 664 Henrici
1247 594 1368 662 Petovii

171 704 290 792 (Henri
306 702 465 791 Petowe),
482 704 586 771 unius
601 722 641 770 ex
655 721 774 770 eorum
794 703 854 788 qui
868 721 988 789 poema
1004 704 1100 770 Hero
1115 703 1194 770 and
1206 701 1371 770 Leander

170 811 376 897 inscriptum
400 809 624 897 perfecerunt.
648 809 807 877 Petovius
830 809 861 875 ei
886 808 1127 894 conjunxerat,
1159 809 1196 874 in
1223 806 1373 892 proaemii

170 919 294 996 vicem,
311 916 515 984 immodicas
530 915 683 983 llarlovii
699 915 830 982 laudes.
847 915 978 997 Quibus
996 914 1157 981 laudibus
1168 912 1306 1000 judices
1320 912 1375 998 qui

170 1025 213 1093 de
237 1023 339 1091 rebus
363 1023 470 1089 sacris
493 1022 743 1110 cognoscebant
767 1039 836 1088 non
859 1021 1014 1089 deterriti
1034 1020 1174 1088 luerunt
1192 1021 1378 1106 quominus

172 1131 301 1199 librum
321 1148 340 1197 a
365 1127 524 1198 carnifice
548 1130 584 1196 in
608 1129 725 1216 ignem
748 1127 870 1195 inferri
890 1127 1062 1214 juberent,
1085 1126 1172 1194 sorte
1195 1130 1319 1194 contra
1340 1126 1380 1193 ad

172 1238 261 1306 hanc
290 1237 495 1304 sententiam
527 1235 665 1303 deducti
698 1234 856 1314 luerunt,
889 1235 1024 1303 fortuna
1054 1232 1148 1301 enim
1185 1232 1383 1301 fabularum

172 1344 325 1413 Marlovii
341 1342 453 1432 magis
468 1342 648 1431 magisque
668 1360 829 1428 prospera
849 1345 883 1410 et
901 1341 1010 1409 multa
1029 1359 1131 1427 opera
1152 1341 1296 1407 nomine
1311 1339 1385 1426 ejus

174 1451 365 1536 subscripta
380 1469 457 1536 quae
471 1449 637 1536 primum,
650 1450 704 1517 vel
720 1449 847 1516 iterum
862 1449 952 1516 edita
967 1450 1076 1527 erant,
1092 1447 1171 1515 odio
1186 1465 1311 1514 eorum
1327 1447 1387 1533 qui

173 1558 281 1643 poetae
294 1553 420 1622 infensi
435 1558 543 1634 erant,
556 1554 748 1640 praesertim
763 1553 1014 1639 puritanorum,
1031 1554 1290 1621 incrementum
1305 1553 1390 1622 alle·

173 1663 306 1742 rebant,
322 1661 450 1729 nedum
465 1660 551 1729 illud
568 1660 827 1727 imminuerent.

217 1770 319 1837 Anno
340 1767 527 1835 millesimo
545 1766 824 1856 quingentesimo
843 1767 1067 1855 nonagesimo
1086 1768 1234 1854 septimo
1258 1766 1389 1857 (1597),

172 1874 273 1963 jussu
295 1875 434 1942 Thomae
454 1873 631 1962 Whitgilti
655 1874 814 1962 (Thomas
834 1873 1022 1963 Whitgist),
1043 1874 1103 1961 qui
1123 1875 1391 1964 Cantabrigien-

177 1980 273 2048 sibus
301 1980 447 2048 Athenis
477 1979 754 2065 archiepiscopus
777 1981 865 2058 erat,
890 1984 925 2047 et
947 1980 1189 2049 Londiniensis
1212 1980 1390 2067 episcopi,

177 2105 262 2173 opus
287 2105 306 2154 a
335 2085 495 2154 carnifice
519 2085 554 2151 in
580 2084 697 2172 ignem
727 2084 862 2152 illatum
888 2084 978 2152 luit¹
1006 2086 1111 2154 simul
1139 2106 1180 2155 ac
1203 2089 1394 2155 Marstcnis

177 2193 392 2281 Pygmalion,
418 2191 529 2259 Hallis
554 2189 657 2278 (Halll
681 2191 795 2258 satirae
817 2196 850 2258 et
873 2192 960 2259 liber
981 2194 1148 2261 Guthvodi
1171 2192 1391 2282 (Cuthwood)

178 2300 390 2385 inscriptus:
419 2323 434 2358 «
459 2298 576 2366 (laltha
601 2299 800 2365 Poetarum.
827 2299 1028 2380 »Quamvis
1046 2299 1168 2385 judicii
1193 2302 1393 2388 ignominia

131 2472 136 2481 ,
179 2406 346 2474 afflictum
361 2404 475 2485 suerit,
491 2423 578 2491 opus
592 2405 698 2471 semel
713 2408 815 2489 atque
830 2406 956 2473 iterum
971 2406 1008 2472 in
1028 2407 1149 2474 alienis
1171 2408 1390 2494 regionibus,

179 2511 337 2579 Londinii
360 2511 476 2591 etiam,
498 2510 623 2578 furtive
640 2521 743 2592 vero,
758 2512 849 2598 typis
872 2512 1074 2579 mandatum
1098 2512 1174 2581 suit.
1201 2514 1296 2581 Nulli
1316 2514 1391 2581 edi-

179 2618 265 2686 tioni
293 2619 482 2703 inscriptus
506 2620 557 2685 cst
580 2635 782 2703 annusque
806 2619 894 2686 liber
915 2619 952 2685 in
975 2620 1101 2708 vulgus
1123 2621 1275 2687 emissus
1300 2619 1389 2698 fuit;

180 2724 334 2804 cunctis,
363 2723 407 2791 iis
435 2725 539 2791 etiam
566 2743 644 2811 quae
671 2725 830 2792 Londinii
858 2726 1043 2814 divulgatae
1068 2725 1228 2806 fuerunt,
1260 2727 1389 2794 Medio-

180 2832 330 2920 burgum
343 2829 608 2920 (illiddlebourg)
618 2831 812 2899 declaratur
826 2832 948 2900 civitas
963 2851 1037 2900 esse
1054 2834 1089 2900 in
1104 2851 1171 2918 qua
1182 2832 1271 2900 liber
1284 2833 1389 2919 praelo

181 2937 355 3025 subjectus
385 2936 521 3005 suisset.
561 2939 649 3006 lluic
680 2939 847 3006 volumini
881 2939 1082 3025 plerumque
1113 2939 1276 3026 adjuncta
1309 2941 1390 3006 sunt

180 3046 347 3114 iohannis
372 3046 494 3114 Davies
520 3046 781 3134 epigrammata.
807 3047 946 3135 Elegias
969 3048 1004 3114 in
1031 3047 1239 3133 quibusdam
1268 3046 1389 3114 editio-

181 3152 284 3220 nibus
299 3155 502 3239 sequuntur,
520 3153 579 3220 sed
600 3154 635 3220 in
652 3153 731 3220 aliis
750 3154 967 3234 antecedunt,
992 3154 1066 3221 sine
1087 3154 1191 3223 dubio
1211 3158 1249 3221 ut
1270 3152 1390 3241 elegiae

182 3259 299 3328 minus
314 3260 506 3346 conspicuae
520 3260 590 3327 sint
604 3261 628 3326 ².

227 3367 365 3434 Primus
380 3367 635 3434 Pharsaliarum
651 3367 739 3434 liber
752 3369 776 3449 ³,
794 3367 830 3434 in
845 3387 965 3436 versus
979 3368 1189 3436 britannicos
1207 3387 1276 3436 non
1293 3366 1390 3434 simi·

183 3474 262 3541 liter
274 3474 470 3542 desinentes
488 3492 684 3557 conversus,
710 3476 916 3561 paulopost,
938 3492 1028 3542 anno
1048 3476 1233 3542 millesimo
1248 3491 1389 3542 sexcen-

183 3581 306 3649 tesimo
322 3577 449 3669 (1600),
467 3582 579 3649 editus
593 3580 670 3649 suit.
688 3582 769 3648 Plus
783 3581 949 3650 carminis
963 3581 1094 3651 artibus
1109 3582 1220 3651 nitent
1234 3579 1389 3649 Marlovii

218 3848 227 3882 ¹
242 3845 302 3898 Non
314 3845 343 3896 in
355 3858 418 3897 eum
429 3844 519 3897 solum
533 3845 613 3912 culpa
625 3845 789 3898 conterenda
798 3849 847 3898 est.
861 3845 1033 3899 Carminibus
1044 3846 1113 3912 ejus,
1124 3845 1213 3910 inquit
1224 3846 1390 3907 Wartonius,

185 3925 317 3978 henricus
348 3925 474 3978 Petovius
501 3926 616 3978 alteram
650 3926 813 3992 adjunxerat
838 3930 944 3992 partem
969 3940 1030 3990 quae
1057 3925 1126 3976 nihil
1148 3925 1223 3976 aliud
1250 3929 1310 3977 erat
1337 3927 1392 3978 nisi

183 4006 319 4079 appendix
328 4006 363 4057 ad
376 4006 500 4058 italicum
512 4006 650 4072 exemplar
661 4019 787 4072 expressa
801 4005 858 4070 (but
871 4021 926 4058 was
940 4006 1025 4058 called
1040 4006 1167 4057 asecond
1180 4007 1250 4069 part,
1264 4006 1355 4058 which
1369 4007 1392 4058 is

184 4087 300 4151 nothing
318 4100 394 4138 more
412 4087 480 4138 than
499 4100 516 4139 a
537 4087 725 4138 continuation
747 4087 817 4138 from
838 4088 884 4139 the
902 4088 998 4139 Italian
1018 4090 1152 4156 appeared
1171 4090 1208 4154 by
1226 4101 1278 4139 one
1301 4087 1393 4150 ilenry

185 4165 289 4218 Petowe
301 4167 330 4217 in
344 4166 423 4232 1598).

217 4249 229 4280 ¹
246 4247 313 4298 Ecce
327 4246 423 4298 titulus
437 4245 564 4298 editionis
577 4261 638 4312 quae
650 4246 842 4311 antiquissima
855 4247 963 4299 videtur
985 4266 991 4299 :
1012 4249 1197 4315 Epigrammes
1208 4248 1262 4300 and
1277 4246 1390 4312 Elegies.

185 4326 224 4391 By
235 4327 255 4377 Ι.
269 4327 298 4377 D.
313 4327 367 4378 and
377 4326 405 4380 C.
418 4326 724 4391 t1.lttu1iddleb0rugh,
737 4327 822 4379 ltmo.

219 4409 232 4442 ⁸
249 4407 354 4459 Lucana
374 4407 444 4459 First
465 4408 552 4459 Booka
571 4408 729 4459 Translated
741 4409 806 4460 Line
821 4408 862 4460 lor
875 4408 949 4472 Line,
961 4409 999 4474 By
1012 4409 1073 4462 Chr.
1088 4409 1208 4463 blerlow.
1223 4408 1257 4460 At
1270 4406 1392 4468 houden,

186 4486 296 4538 Printad
310 4488 346 4552 by
358 4488 387 4540 P.
400 4487 489 4552 short,
499 4489 554 4540 and
565 4501 613 4540 are
625 4492 653 4539 to
667 4488 701 4538 be
720 4488 779 4540 sold
799 4490 836 4553 by
859 4490 959 4542 Walter
978 4491 1063 4542 Burre
1082 4493 1112 4541 at
1131 4490 1177 4541 tha
1200 4488 1280 4553 Signa
1300 4487 1330 4539 oi
1344 4486 1392 4538 the

186 4567 287 4619 Flower
297 4567 330 4619 de
345 4568 415 4620 Luce
427 4568 456 4621 in
470 4569 565 4622 Paulas
578 4568 765 4634 Churcbyard,
780 4569 849 4633 16⁰0,
864 4570 918 4620 lto.
