3120 5474
469 1029 689 1137 ΙΝΒΕΧ
747 1026 1070 1136 ΟΛΡΙῙΗΜ
1167 1124 1169 1129 s

1316 1666 1372 1711 pag.

165 1755 251 1821 Caput
264 1756 283 1805 Ι.
297 1782 329 1792 -
342 1757 379 1807 De
391 1769 473 1807 scena
484 1757 639 1810 britannica
652 1760 686 1810 ab
699 1758 777 1810 initio
791 1773 877 1823 usque
889 1760 923 1810 ad
938 1759 1104 1811 Marloviana
1117 1763 1277 1825 tempora...
1361 1761 1371 1810 1

165 1872 250 1937 Caput
261 1874 291 1923 11.
304 1874 383 1924 -De
397 1875 522 1925 Dramate
534 1889 605 1926 novo
617 1879 644 1926 et
658 1876 691 1926 de
704 1877 738 1927 iis
752 1877 809 1940 qui,
820 1875 950 1927 Marlovio
962 1876 1034 1940 vivo,
1048 1875 1153 1927 fabulas
1168 1876 1281 1940 scripse·

257 1966 322 2013 runt
324 1998 1276 2022 ..............................................................
1342 1965 1373 2016 19

166 2079 250 2145 caput
264 2079 305 2129 111.
321 2106 352 2116 -
365 2079 403 2130 De
416 2079 537 2131 Marlovii
551 2081 607 2131 vila
608 2115 1275 2137 ............................................
1341 2081 1373 2132 36

166 2196 250 2260 Caput
268 2196 311 2249 IV.
331 2222 362 2232 —
380 2196 416 2246 De
435 2195 608 2247 Marlovianis
626 2197 734 2248 fabulis.
753 2226 784 2235 -
802 2199 821 2248 Ι.
838 2199 874 2250 De
889 2198 1050 2249 Tamerlano
1064 2202 1091 2249 et
1109 2199 1142 2248 de
1156 2196 1280 2248 versibus

256 2300 311 2337 non
326 2286 452 2337 similiter
464 2286 650 2338 desinentibus
665 2288 741 2352 (vers
755 2289 859 2354 Blancs)
866 2325 934 2344 .....
938 2313 942 2322 ¹
944 2324 1276 2344 ......................
1327 2286 1373 2338 100

164 2400 250 2467 Caput
264 2403 296 2455 V.
311 2430 341 2438 —
354 2402 391 2452 De
402 2401 576 2454 Marlovianis
587 2403 694 2455 sabulis.
706 2432 737 2441 -
747 2405 777 2454 11.
793 2405 829 2454 De
841 2405 948 2466 Fausto,
961 2405 994 2454 de
1008 2404 1152 2455 parisiensi
1165 2403 1242 2454 Caede
1254 2407 1281 2453 et

256 2492 289 2543 de
307 2491 439 2542 Melitensi
457 2492 552 2542 Judaeo
557 2529 1277 2548 ...............................................
1328 2494 1374 2545 148

164 2606 250 2673 Caput
263 2609 307 2661 VI.
327 2637 358 2646 -
376 2609 413 2659 De
429 2608 602 2661 Marlovianis
618 2610 726 2661 sabulis.
746 2637 776 2647 -
796 2611 837 2660 111.
858 2611 895 2670 De
913 2611 1038 2661 Eduardo
1059 2609 1182 2661 Secundo
1202 2613 1228 2660 et
1249 2610 1282 2660 de

256 2698 368 2761 reliquis
380 2697 554 2750 Marlovianis
570 2699 697 2764 operibus
699 2734 1279 2754 ......................................
1331 2699 1376 2751 178

163 2813 300 2868 Notae....
310 2849 1279 2870 ..............................................................
1329 2815 1376 2867 223

164 2928 259 2978 Errata
261 2963 404 2982 ..........
410 2912 450 2982 1⁰..
459 2949 730 2982 .................
739 2971 745 2988 ,
755 2963 1277 2983 ...............................
1327 2928 1375 2979 233

414 4773 512 4825 Augen,
525 4771 580 4824 imp.
594 4770 703 4814 Gen-main
717 4773 740 4813 et
751 4771 779 4814 G.
791 4767 892 4820 Grassin,
907 4777 948 4810 me
960 4767 1108 4811 saint-Laud.
