3120 5474
700 387 859 450 ..57-

172 560 305 647 incepta
320 580 399 647 quae
413 560 627 646 temporibus
647 559 733 639 illis,
756 560 846 629 inter
860 561 977 628 aetates
999 558 1275 627 britannicarum
1297 559 1388 628 litte-

170 687 290 736 rarum
310 668 577 736 fecundissimas
605 670 639 735 et
665 667 956 757 impacatissimas
984 667 1231 749 numerandis,
1262 666 1388 735 eruditi

169 778 366 844 movebant.

211 884 399 970 Perpaucaa
411 887 504 967 suni,
517 886 641 970 praeter
651 884 780 952 iudicia
791 903 868 970 quae
884 902 987 969 supra
1000 884 1042 951 dc
1056 881 1211 950 Marlovii
1227 882 1389 967 operibus

169 991 289 1070 retuli,
326 1010 381 1057 res
407 991 612 1059 indubitatae
644 1011 721 1077 quae
753 993 940 1058 traduntur
963 992 1005 1057 de
1033 990 1103 1056 vita
1126 988 1201 1074 ejus
1232 989 1275 1056 ab
1299 1007 1389 1055 anno

168 1097 356 1163 millesimo
385 1097 666 1184 quingentesimo
695 1098 905 1184 octogesimo
930 1097 1075 1182 septimo
1099 1094 1217 1184 (1587)
1241 1115 1321 1181 quo,
1352 1098 1391 1162 ut

167 1204 358 1270 verisimile
373 1208 437 1282 est,
456 1204 664 1271 Londinium
684 1204 790 1283 venit,
808 1223 918 1289 usque
942 1204 984 1271 ad
1007 1222 1137 1270 annum
1161 1203 1390 1269 millesimum

167 1310 490 1397 quingentesimum
501 1311 768 1398 nonagesimum
778 1312 919 1377 tertium
933 1309 1059 1398 (1593),
1077 1329 1146 1395 quo
1160 1310 1295 1376 occisus
1311 1307 1388 1376 suit.

167 1418 221 1483 Eae
237 1435 317 1501 quae
333 1417 434 1484 bodie
453 1422 544 1484 notae
557 1422 639 1505 sunt
654 1418 690 1484 in
711 1419 822 1484 tribus
842 1417 1064 1484 continentur
1085 1416 1236 1502 scriptis.
1258 1418 1389 1483 Harum

167 1542 247 1589 vero
277 1542 397 1590 rerum
427 1528 584 1592 auctores
612 1529 809 1611 arguuntur
832 1524 918 1591 salsa
945 1524 1118 1590 invenisse
1145 1526 1179 1589 et
1201 1541 1282 1591 vera
1315 1523 1389 1606 ipsa

166 1648 272 1714 supra
306 1630 451 1697 modum
483 1631 622 1697 auxisse
655 1632 840 1698 narrando.
874 1632 1043 1697 Arrctores
1081 1630 1132 1697 illi
1170 1631 1390 1697 consentiunt

165 1754 288 1803 omnes
317 1737 360 1803 ad
385 1738 589 1804 llarlovium
614 1738 720 1804 talem
750 1736 1010 1803 informandum
1035 1736 1155 1820 quales
1179 1737 1261 1802 sunt
1280 1735 1304 1801 ii
1329 1734 1388 1819 qui

165 1844 253 1909 Deos
285 1845 401 1910 nullos
437 1863 513 1910 esse
549 1844 692 1911 omuino
725 1847 870 1929 putant,
906 1847 939 1910 et
967 1844 1076 1911 vitam
1110 1846 1218 1930 agunt
1246 1841 1389 1928 flagitiis

164 1950 334 2016 deditam.
355 1953 430 2017 Non
449 1950 595 2017 dubium
616 1956 668 2018 est
686 1951 771 2036 quin
791 1951 976 2017 llarlovius
991 1951 1150 2036 impurus
1174 1952 1208 2015 et
1230 1949 1390 2034 petulans

164 2054 269 2123 suerit
305 2059 521 2136 adolescens,
557 2058 808 2124 solutissimam
838 2058 969 2144 degens
992 2057 1112 2124 vitam.
1142 2055 1220 2123 Veri
1253 2072 1389 2140 quoque

165 2163 282 2229 simile
298 2167 350 2230 est
365 2183 445 2230 eum
460 2182 529 2231 non
545 2165 664 2231 minus
680 2165 715 2231 in
732 2164 847 2231 verbis
862 2183 967 2250 quam
983 2163 1019 2229 in
1036 2163 1174 2248 scriptis
1185 2161 1258 2227 suis
1269 2161 1390 2227 immo
1427 2212 1430 2217 .

163 2270 284 2337 dicum
310 2270 417 2337 fuisse
441 2275 475 2337 et
498 2270 533 2338 iu
558 2271 675 2339 verbis
701 2276 772 2338 tam
799 2271 1011 2357 praecipitem
1039 2272 1073 2335 et
1096 2269 1332 2336 inconsultum
1352 2286 1389 2334 se

163 2376 358 2462 praebuisse
381 2396 487 2462 quam
517 2380 675 2463 quaedam
706 2378 903 2445 fabularum
927 2395 1071 2444 suarum
1099 2393 1270 2461 personae,
1298 2375 1389 2441 iuter

164 2503 252 2569 quas
279 2484 423 2551 notandi
448 2489 530 2551 suut
553 2486 724 2570 praecipue
746 2486 971 2551 Tamerlnnus
993 2487 1026 2550 et
1051 2484 1211 2550 Faustus.
1240 2482 1388 2548 Multum

164 2595 283 2657 autem
318 2591 463 2657 interest
491 2591 581 2657 inter
609 2609 732 2677 pravos
761 2610 875 2658 mores
905 2590 1081 2657 libidinosi
1107 2589 1247 2675 iuvenis
1270 2588 1389 2654 nimiae

164 2697 372 2783 procacique
385 2698 516 2786 liuguae
531 2698 763 2785 indulgentis,
780 2702 813 2764 et
829 2698 1018 2765 sententias
1038 2697 1165 2782 quibus
1184 2695 1337 2783 graviter
1355 2697 1390 2760 et

164 2804 382 2870 considerate
403 2805 588 2872 llarlovius
612 2806 810 2891 opinionem
835 2824 955 2872 eorum
980 2804 1039 2889 qui
1060 2805 1151 2869 Deus
1174 2802 1289 2868 nullos
1313 2819 1389 2867 esse

164 2911 307 2977 omnino
322 2914 530 2996 putaverunt
550 2931 650 2978 suam
666 2912 813 2979 lecisset.
834 2914 948 2978 Donec
962 2912 1095 2978 crimen
1111 2927 1173 2976 nec
1186 2908 1266 2974 aliis
1282 2907 1387 2974 ratio-

164 3017 286 3096 uibus,
323 3036 388 3084 uec
417 3020 563 3086 testibus
595 3020 815 3106 gravioribus
851 3017 1131 3095 confirmabitur,
1159 3033 1298 3100 aequum
1323 3013 1389 3080 erit
1460 3030 1463 3037 ·

164 3125 371 3191 llarlovium
387 3125 488 3210 culpa
503 3126 674 3193 insontem
695 3127 911 3204 existimare,
933 3128 967 3191 et
985 3125 1016 3191 ei
1037 3123 1201 3209 inJuriam
1223 3121 1386 3200 inferres,

165 3231 193 3297 si
207 3231 314 3297 iidem
330 3231 537 3318 adjungeres
553 3233 874 3300 insimulationibus
890 3233 925 3298 in
941 3250 1021 3299 eum
1037 3230 1179 3297 intentis
1193 3228 1236 3295 ab
1248 3228 1291 3294 iis
1303 3227 1387 3294 solis

165 3337 224 3422 qui
241 3338 272 3403 ei
290 3338 510 3422 pertinaciter
525 3337 651 3404 infensi
668 3338 821 3405 fuerunt.

206 3444 377 3509 Caeterum
394 3444 485 3511 baud
501 3444 725 3512 infitiandum
741 3449 792 3511 est
809 3463 888 3512 eum
904 3445 947 3512 ad
962 3463 1017 3510 res
1032 3442 1223 3530 flagitiosas
1239 3458 1386 3526 propen-

165 3567 241 3615 sum
259 3549 378 3631 luisse,
395 3554 429 3616 et
444 3551 539 3617 inani
552 3550 717 3637 jactantia
740 3552 822 3618 vitia
844 3572 906 3619 sua
931 3550 1168 3618 ostentavisse.
1192 3549 1288 3630 Quod
1311 3547 1386 3614 lieri

165 3673 234 3721 non
249 3659 383 3740 poterat
397 3656 507 3722 aliter.
526 3656 713 3724 llorlovius
729 3658 821 3723 enim
836 3677 854 3724 e
869 3657 1020 3724 clericali
1036 3656 1237 3742 placidaque
1248 3653 1387 3722 civitate

166 3763 377 3841 Duroveruo‚
399 3767 432 3828 et
452 3781 469 3828 e
490 3763 655 3830 studiosis
680 3763 1025 3851 Cantabrigiensibus
1044 3763 1172 3830 scholis
1197 3761 1323 3840 subite,
1348 3763 1388 3827 ut

164 3868 211 3935 ita
227 3868 355 3945 dicam,
374 3870 562 3936 translatus
582 3870 693 3937 iuerat
711 3871 749 3936 in
764 3875 871 3937 caetus
892 3870 1141 3937 Londinienses
1160 3868 1331 3955 pessimos
1349 3866 1387 3933 in

165 3993 250 4058 quos
266 3975 393 4041 scenici
411 3979 444 4041 et
459 3977 594 4042 sodales
618 3996 737 4044 eorum
765 3978 961 4063 frequentes
985 3976 1180 4058 veniebant,
1198 3978 1232 4042 et
1250 3976 1281 4040 ei
1300 3993 1387 4058 opus

165 4082 306 4163 fuisset,
332 4089 371 4151 ut
400 4085 594 4152 alienarum
623 4085 860 4171 nequitiarum
889 4084 1046 4169 exemplo
1082 4101 1151 4150 non
1179 4082 1385 4159 illiceretur,

165 4191 281 4256 animo
311 4190 411 4257 firmo
441 4196 648 4276 maturoque
677 4192 818 4279 ingenio
844 4211 939 4277 quae,
970 4210 1079 4276 quum
1104 4189 1275 4277 juveniles
1303 4187 1386 4254 anni

166 4296 321 4375 floreant,
341 4299 519 4365 rarissima
537 4303 630 4366 sunt.
647 4300 688 4367 Vi
706 4300 826 4365 leuiter
840 4302 873 4365 et
888 4299 1023 4365 diverse
1038 4317 1092 4365 res
1106 4295 1273 4384 fingendi,
1291 4294 1388 4361 effre

166 4405 256 4471 natis
270 4405 380 4470 animi
400 4406 647 4491 cupiditatibus
668 4412 701 4473 et
723 4406 907 4473 temerario
930 4405 1070 4491 ingenio
1093 4403 1196 4489 quod,
1223 4406 1262 4469 ut
1286 4404 1385 4469 aetate

165 4510 352 4596 aequalium
372 4511 524 4599 ingenia,
542 4514 637 4582 nulla
652 4513 779 4580 valenti
797 4513 981 4598 disciplina
997 4511 1192 4599 regebatur,
1204 4513 1238 4575 et
1250 4512 1385 4574 mature

166 4633 286 4683 omnes
308 4617 520 4704 religionum
545 4623 578 4686 et
601 4638 740 4686 morum
768 4620 924 4705 ipsorum
949 4619 1043 4706 leges
1064 4613 1287 4702 perfregerat‚
1313 4613 1384 4680 imo

166 4728 282 4791 contra
299 4724 473 4809 impulsus
491 4724 556 4792 fuit
570 4726 613 4793 ad
634 4725 741 4792 vitam
761 4744 861 4792 suam
876 4725 971 4792 omni
987 4720 1263 4810 intemperantiae
1285 4718 1383 4786 addi-
