3120 5474
809 1100 948 1168 CAPUT
970 1100 996 1167 V

619 1434 622 1439 Ι
642 1353 700 1415 De
722 1350 986 1417 Marlovianis
1006 1350 1168 1416 Fabulis

265 1673 268 1681 .
340 1620 392 1686 Il.
410 1620 462 1686 De
477 1620 628 1699 Fausto,
646 1616 690 1683 de
705 1618 879 1725 Portabat
897 1617 1004 1686 Crede
1022 1622 1056 1700 et
1075 1618 1121 1684 cte
1134 1618 1321 1685 Metiteost
1336 1618 1460 1687 Jodoeo

343 1849 414 1915 The
444 1849 604 1935 traptcat
630 1848 772 1935 history
803 1849 846 1935 os
869 1849 927 1916 tlte
955 1849 1038 1935 Life
1064 1851 1141 1916 ared
1166 1850 1286 1917 beart
1311 1851 1353 1937 of
1375 1852 1503 1918 Ductor

294 1956 456 2022 Faustus
480 1955 670 2022 secundum
691 1959 742 2021 est
766 1956 918 2022 llarlovii
945 1956 1076 2023 drama.
1104 1955 1182 2022 Alio
1206 1957 1242 2022 in
1267 1957 1427 2043 scripto¹‚
1453 1977 1505 2025 res

264 2076 371 2146 *quae
396 2063 437 2128 de
461 2061 576 2128 fabula
600 2062 657 2127 illa
682 2066 850 2128 venerunt
875 2063 909 2128 in
933 2063 1201 2129 controversiam
1221 2067 1255 2129 et
1275 2064 1372 2131 illius
1388 2064 1508 2132 laudes

294 2168 506 2253 urendasque
520 2169 697 2254 perpendi,
718 2170 816 2253 etad
838 2169 926 2235 hanc
949 2169 1130 2235 materiam
1150 2187 1218 2235 non
1239 2175 1404 2237 revertar.
1426 2172 1511 2239 Mihi

236 2358 241 2371 ¹
294 2277 410 2340 autem
429 2279 585 2370 superest
601 2279 638 2342 ut
653 2275 767 2342 locum
787 2276 1000 2362 praecipuum
1022 2276 1172 2353 indicem
1191 2295 1297 2361 quem
1315 2277 1432 2344 fabula
1453 2280 1511 2344 illa

294 2381 385 2469 inter
399 2381 554 2447 llarlovii
570 2381 726 2448 dramata
741 2383 901 2462 obtinuit,
918 2383 1004 2449 alias
1019 2383 1113 2449 enim
1128 2383 1262 2449 fabulas
1278 2383 1367 2470 ejus,
1384 2391 1512 2470 praeter

294 2488 496 2556 Eduardum
520 2491 727 2570 secundum,
752 2493 907 2576 superat,
933 2493 966 2556 et
991 2491 1099 2557 multo
1124 2491 1304 2576 perfectior
1327 2495 1379 2557 esi
1402 2511 1512 2576 quam

293 2594 529 2660 Tamerlanus.
544 2596 591 2662 Eo
602 2597 715 2684 magis
729 2598 1022 2683 praeminetquod‚
1036 2616 1109 2663 rem
1120 2587 1310 2679 tractanda,
1323 2600 1512 2667 llarlovius

293 2701 499 2789 gravissima
515 2720 533 2767 e
548 2702 643 2769 vitiis
654 2705 727 2771 suis
741 2704 887 2791 abjicere
898 2708 1064 2790 potuerat.
1076 2705 1117 2771 Ei
1133 2705 1283 2772 liberum
1297 2705 1363 2772 fuit
1376 2707 1511 2793 ingenii

293 2809 389 2884 dotes
408 2809 444 2875 in
470 2810 581 2875 lucem
605 2828 728 2906 puram
751 2802 914 2895 prolerre.
940 2811 1086 2877 Tantum
1111 2829 1232 2878 versus
1256 2830 1326 2878 non
1346 2813 1513 2881 similiter

192 2957 195 2963 ‚
292 2915 480 3002 desinentis
501 2924 641 2982 eausam
660 2917 788 2983 vicerat
812 2920 850 2983 ut
873 2935 942 2983 non
966 2917 1079 2984 solum
1097 2935 1167 2984 non
1185 2921 1370 2984 accusatus
1385 2917 1512 2987 fuisset

189 3078 192 3086 ,
291 3022 382 3108 quod
402 3022 570 3090 dramatis
590 3023 794 3110 dignitatem
813 3023 1036 3091 imminueret
1054 3022 1262 3091 assumendo
1282 3028 1438 3092 metrum
1457 3045 1512 3092 so«

188 3158 190 3163 ·
292 3129 362 3195 lam
372 3148 493 3197 versus
504 3129 831 3215 speciempraebens,
845 3131 903 3196 sed
919 3130 1023 3196 etiam
1038 3134 1077 3196 ut
1091 3130 1130 3209 in
1142 3129 1275 3197 crimen
1290 3132 1512 3199 contrarium

291 3234 506 3303 incurrisset.
536 3237 568 3302 A
593 3235 754 3303 litteratis
778 3236 988 3322 arguebatur
1011 3237 1168 3322 personis
1192 3236 1265 3303 suis
1283 3236 1458 3322 majorem
1477 3241 1510 3306 et

283 3343 399 3408 ¹nimis
414 3343 561 3429 lyricum
576 3342 751 3426 addidisse
766 3327 890 3410 sonum
904 3343 1093 3428 vocis-quo
1103 3343 1241 3439 generis
1256 3344 1402 3409 modum
1412 3363 1511 3412 exce

112 3548 116 3564 .
189 3463 191 3468 ·
293 3450 413 3529 deret·
432 3455 465 3517 et
488 3450 531 3518 ad
554 3450 724 3536 ampullas
747 3446 938 3518 devolvisse
960 3450 1136 3518 ridendas.
1156 3453 1187 3517 A
1205 3450 1382 3536 prioribus
1408 3454 1509 3519 tutus

291 3556 446 3643 objectis,
464 3575 532 3623 non
548 3557 685 3644 longius
710 3558 740 3624 ei
764 3576 903 3625 neeesse
931 3544 997 3624 fuit
1019 3561 1152 3624 naturae
1166 3557 1262 3624 dotes
1276 3558 1406 3643 quibus
1422 3577 1510 3644 prae-

153 3651 156 3658 ’
217 3708 219 3712 v
292 3664 435 3732 callebat
466 3664 501 3729 in
530 3663 643 3750 majus
665 3665 852 3732 extolleret.
881 3663 1064 3752 Ingenium
1089 3662 1166 3748 ejus·
1186 3667 1257 3730 tam
1285 3664 1446 3731 validum
1476 3669 1509 3732 et

290 3772 468 3858 copiosum
492 3776 565 3838 erat
589 3775 638 3851 ut,
659 3775 879 3838 naturaesuae
891 3771 1122 3855 obsequendo,
1144 3771 1217 3837 sine
1232 3771 1456 3839 contentione
1472 3791 1508 3839 se

290 3878 426 3946 tolleret
438 3879 481 3945 ad
497 3880 633 3945 summa
649 3878 786 3966 fastigia
811 3899 830 3944 a
855 3878 963 3964 poetis
978 3877 1254 3963 praeclarissimis
1269 3878 1456 3958 celebrata,
1474 3883 1509 3946 et

289 3987 325 4052 in
341 3986 542 4073 regionibus
559 3986 629 4052 illis
644 3986 802 4053 volitaret
817 3985 993 4070 suspensis
1009 3984 1085 4050 alis.
1096 3985 1176 4052 ‘Sive
1191 3985 1367 4052 intellexit·
1376 4004 1413 4052 se
1423 3985 1506 4071 jure

277 4111 330 4174 ao
345 4093 487 4159 solerter
501 4111 520 4158 a
536 4093 666 4159 criticis
681 4092 929 4177 reprehensum
954 4091 1071 4169 fnisse,
1103 4078 1175 4158 sive
1199 4110 1310 4158 scenae
1332 4111 1419 4159 usus
1442 4095 1505 4179 qni

288 4204 440 4267 mentem
460 4219 557 4267 suam
573 4199 791 4277 formaverat,
812 4218 962 4266 errorem
977 4199 1013 4264 ei
1030 4197 1250 4277 ostendendo,
1266 4199 1359 4265 vires
1375 4201 1505 4267 melius

187 4331 192 4344 ·
288 4326 407 4394 regere
422 4326 502 4374 eum
517 4307 651 4387 didicit,
668 4305 853 4373 llarlovius
867 4326 909 4372 ex
923 4325 961 4372 eo
976 4309 1128 4391 tempore
1152 4306 1187 4371 in
1211 4305 1289 4371 illas
1313 4307 1501 4391 ampullas,

287 4418 323 4480 at
348 4415 470 4480 saltem
494 4416 588 4481 tanta
612 4412 991 4498 cum-intemperantia,
1017 4431 1085 4478 non
1112 4412 1244 4479 recidit.
1270 4414 1390 4480 Sermo
1409 4412 1500 4499 ejuS,

287 4539 396 4607 quum
412 4522 448 4586 in
463 4523 589 4588 Fausto
604 4525 678 4587 tum
693 4520 729 4585 in
745 4519 870 4586 fabulis
881 4521 1115 4607 sequentibus
1128 4524 1339 4607 expurgatur
1352 4521 1504 4610 circum-

286 4630 474 4709 fluentibus
490 4631 604 4698 verbis
619 4634 651 4697 et
661 4629 825 4716 jactantia
841 4633 935 4698 extra
951 4629 1092 4697 modum
1107 4629 1292 4712 exultante,
1311 4627 1501 4715 aliquando

325 4867 333 4904 r
347 4851 462 4911 llistoire
475 4856 507 4911 de
520 4856 546 4911 la
556 4856 676 4924 Legenda
689 4856 721 4910 de
734 4854 824 4921 Fami,
840 4854 882 4908 ch.
897 4869 929 4908 rx.
