<?xml version="1.0" encoding="UTF-8"?>
<!DOCTYPE html PUBLIC "-//W3C//DTD XHTML 1.0 Transitional//EN"
    "http://www.w3.org/TR/xhtml1/DTD/xhtml1-transitional.dtd">
<html xmlns="http://www.w3.org/1999/xhtml" xml:lang="en" lang="en">
 <head>
  <title>
</title>
<meta http-equiv="Content-Type" content="text/html;charset=utf-8" />
  <meta name='ocr-system' content='tesseract 3.04.00' />
  <meta name='ocr-capabilities' content='ocr_page ocr_carea ocr_par ocr_line ocrx_word'/>
</head>
<body>
  <div class='ocr_page' id='page_1' title='image "./demarlovianisfa00faligoog_0227.png"; bbox 0 0 3120 5474; ppageno 0'>
   <div class='ocr_carea' id='block_1_1' title="bbox 683 286 860 357">
    <p class='ocr_par' dir='ltr' id='par_1_1' title="bbox 683 286 860 357">
     <span class='ocr_line' id='line_1_1' title="bbox 683 286 860 357; baseline 0.006 -1"><span class='ocrx_word' id='word_1_1' title='bbox 683 286 860 357; x_wconf 76' lang='lat' dir='ltr'><strong>-alo-</strong></span> 
     </span>
    </p>
   </div>
   <div class='ocr_carea' id='block_1_2' title="bbox 167 459 1395 3956">
    <p class='ocr_par' dir='ltr' id='par_1_2' title="bbox 167 459 1379 1823">
     <span class='ocr_line' id='line_1_2' title="bbox 167 459 1358 556; baseline -0.008 -19"><span class='ocrx_word' id='word_1_2' title='bbox 167 468 365 556; x_wconf 88' lang='lat' dir='ltr'><strong>persecutus</strong></span> <span class='ocrx_word' id='word_1_3' title='bbox 379 466 443 533; x_wconf 88' lang='lat' dir='ltr'><strong>est.</strong></span> <span class='ocrx_word' id='word_1_4' title='bbox 459 464 497 532; x_wconf 94' lang='lat' dir='ltr'><strong>Id</strong></span> <span class='ocrx_word' id='word_1_5' title='bbox 516 464 630 530; x_wconf 90' lang='lat' dir='ltr'><strong>autem</strong></span> <span class='ocrx_word' id='word_1_6' title='bbox 645 461 787 549; x_wconf 92' lang='lat' dir='ltr'><strong>propius</strong></span> <span class='ocrx_word' id='word_1_7' title='bbox 809 464 862 529; x_wconf 89' lang='lat' dir='ltr'><strong>est</strong></span> <span class='ocrx_word' id='word_1_8' title='bbox 883 459 987 529; x_wconf 85' lang='lat' dir='ltr'><strong>fidem</strong></span> <span class='ocrx_word' id='word_1_9' title='bbox 1011 478 1091 528; x_wconf 89' lang='lat' dir='ltr'><strong>eum</strong></span> <span class='ocrx_word' id='word_1_10' title='bbox 1112 478 1131 527; x_wconf 90' lang='lat' dir='ltr'><strong>a</strong></span> <span class='ocrx_word' id='word_1_11' title='bbox 1152 459 1276 528; x_wconf 90' lang='lat' dir='ltr'><strong>studiis</strong></span> <span class='ocrx_word' id='word_1_12' title='bbox 1297 461 1358 528; x_wconf 90' lang='lat' dir='ltr'><strong>suis</strong></span> 
     </span>
     <span class='ocr_line' id='line_1_3' title="bbox 169 568 1361 656; baseline -0.008 -13"><span class='ocrx_word' id='word_1_13' title='bbox 169 575 354 644; x_wconf 92' lang='lat' dir='ltr'><strong>abductum</strong></span> <span class='ocrx_word' id='word_1_14' title='bbox 370 572 477 640; x_wconf 86' lang='lat' dir='ltr'><strong>luisse</strong></span> <span class='ocrx_word' id='word_1_15' title='bbox 492 574 523 637; x_wconf 89' lang='lat' dir='ltr'><strong>et</strong></span> <span class='ocrx_word' id='word_1_16' title='bbox 536 587 662 656; x_wconf 84' lang='lat' dir='ltr'><strong>magno</strong></span> <span class='ocrx_word' id='word_1_17' title='bbox 672 568 867 636; x_wconf 84' lang='lat' dir='ltr'><strong>fabularum</strong></span> <span class='ocrx_word' id='word_1_18' title='bbox 877 569 1108 637; x_wconf 90' lang='lat' dir='ltr'><strong>docendarum</strong></span> <span class='ocrx_word' id='word_1_19' title='bbox 1125 568 1240 635; x_wconf 91' lang='lat' dir='ltr'><strong>labore</strong></span> <span class='ocrx_word' id='word_1_20' title='bbox 1253 572 1286 634; x_wconf 91' lang='lat' dir='ltr'><strong>et</strong></span> <span class='ocrx_word' id='word_1_21' title='bbox 1299 569 1361 635; x_wconf 91' lang='lat' dir='ltr'><strong>suis</strong></span> 
     </span>
     <span class='ocr_line' id='line_1_4' title="bbox 169 675 1363 768; baseline -0.008 -19"><span class='ocrx_word' id='word_1_22' title='bbox 169 680 323 768; x_wconf 79' lang='lat' dir='ltr'><strong>flagitiis,</strong></span> <span class='ocrx_word' id='word_1_23' title='bbox 340 678 561 763; x_wconf 81' lang='lat' dir='ltr'>carminaque</span> <span class='ocrx_word' id='word_1_24' title='bbox 580 695 641 743; x_wconf 91' lang='lat' dir='ltr'><strong>sua</strong></span> <span class='ocrx_word' id='word_1_25' title='bbox 661 694 721 761; x_wconf 87' lang='lat' dir='ltr'><strong>per</strong></span> <span class='ocrx_word' id='word_1_26' title='bbox 745 678 936 760; x_wconf 91' lang='lat' dir='ltr'><strong>postremos</strong></span> <span class='ocrx_word' id='word_1_27' title='bbox 960 675 1040 742; x_wconf 83' lang='lat' dir='ltr'><strong>vitae</strong></span> <span class='ocrx_word' id='word_1_28' title='bbox 1058 693 1181 754; x_wconf 89' lang='lat' dir='ltr'><strong>annos,</strong></span> <span class='ocrx_word' id='word_1_29' title='bbox 1199 675 1235 741; x_wconf 94' lang='lat' dir='ltr'><strong>in</strong></span> <span class='ocrx_word' id='word_1_30' title='bbox 1249 675 1363 742; x_wconf 90' lang='lat' dir='ltr'><strong>tabulis</strong></span> 
     </span>
     <span class='ocr_line' id='line_1_5' title="bbox 169 780 1365 867; baseline -0.008 -12"><span class='ocrx_word' id='word_1_31' title='bbox 169 788 297 855; x_wconf 88' lang='lat' dir='ltr'><strong>intacta</strong></span> <span class='ocrx_word' id='word_1_32' title='bbox 312 783 513 852; x_wconf 80' lang='lat' dir='ltr'>servavisse.</span> <span class='ocrx_word' id='word_1_33' title='bbox 531 786 653 850; x_wconf 89' lang='lat' dir='ltr'><strong>Poema</strong></span> <span class='ocrx_word' id='word_1_34' title='bbox 669 783 758 849; x_wconf 94' lang='lat' dir='ltr'><strong>Hero</strong></span> <span class='ocrx_word' id='word_1_35' title='bbox 772 782 839 849; x_wconf 92' lang='lat' dir='ltr'><strong>and</strong></span> <span class='ocrx_word' id='word_1_36' title='bbox 855 782 1007 849; x_wconf 83' lang='lat' dir='ltr'>Leander</span> <span class='ocrx_word' id='word_1_37' title='bbox 1021 780 1230 867; x_wconf 90' lang='lat' dir='ltr'><strong>inscriptum</strong></span> <span class='ocrx_word' id='word_1_38' title='bbox 1246 780 1322 848; x_wconf 88' lang='lat' dir='ltr'><strong>conl</strong></span> <span class='ocrx_word' id='word_1_39' title='bbox 1354 818 1365 829; x_wconf 94' lang='lat'><strong>·</strong></span> 
     </span>
     <span class='ocr_line' id='line_1_6' title="bbox 171 888 1366 975; baseline -0.006 -14"><span class='ocrx_word' id='word_1_40' title='bbox 171 899 246 961; x_wconf 91' lang='lat' dir='ltr'><strong>tum</strong></span> <span class='ocrx_word' id='word_1_41' title='bbox 262 892 327 959; x_wconf 85' lang='lat' dir='ltr'><strong>fuit</strong></span> <span class='ocrx_word' id='word_1_42' title='bbox 343 911 361 959; x_wconf 94' lang='lat' dir='ltr'><strong>a</strong></span> <span class='ocrx_word' id='word_1_43' title='bbox 376 892 571 975; x_wconf 77' lang='lat' dir='ltr'><strong>Obapmano</strong></span> <span class='ocrx_word' id='word_1_44' title='bbox 586 889 645 975; x_wconf 89' lang='lat' dir='ltr'><strong>qui</strong></span> <span class='ocrx_word' id='word_1_45' title='bbox 661 889 812 973; x_wconf 91' lang='lat' dir='ltr'><strong>optimus</strong></span> <span class='ocrx_word' id='word_1_46' title='bbox 826 893 899 955; x_wconf 89' lang='lat' dir='ltr'><strong>erat</strong></span> <span class='ocrx_word' id='word_1_47' title='bbox 914 892 1022 974; x_wconf 89' lang='lat' dir='ltr'><strong>poeta.</strong></span> <span class='ocrx_word' id='word_1_48' title='bbox 1039 888 1246 955; x_wconf 89' lang='lat' dir='ltr'><strong>Marlovium</strong></span> <span class='ocrx_word' id='word_1_49' title='bbox 1262 889 1366 966; x_wconf 87' lang='lat' dir='ltr'><strong>etiam,</strong></span> 
     </span>
     <span class='ocr_line' id='line_1_7' title="bbox 172 994 1370 1084; baseline -0.005 -18"><span class='ocrx_word' id='word_1_50' title='bbox 172 1000 287 1084; x_wconf 88' lang='lat' dir='ltr'><strong>inquit</strong></span> <span class='ocrx_word' id='word_1_51' title='bbox 300 997 503 1064; x_wconf 81' lang='lat' dir='ltr'><strong>Franciscus</strong></span> <span class='ocrx_word' id='word_1_52' title='bbox 517 995 816 1083; x_wconf 81' lang='lat' dir='ltr'><strong>Gunninghamus,</strong></span> <span class='ocrx_word' id='word_1_53' title='bbox 838 994 1056 1080; x_wconf 86' lang='lat' dir='ltr'><strong>Chapmanus</strong></span> <span class='ocrx_word' id='word_1_54' title='bbox 1076 994 1287 1079; x_wconf 91' lang='lat' dir='ltr'><strong>quibusdam</strong></span> <span class='ocrx_word' id='word_1_55' title='bbox 1302 1014 1370 1080; x_wconf 91' lang='lat' dir='ltr'><strong>par-</strong></span> 
     </span>
     <span class='ocr_line' id='line_1_8' title="bbox 172 1101 1372 1187; baseline -0.004 -15"><span class='ocrx_word' id='word_1_56' title='bbox 172 1106 266 1173; x_wconf 91' lang='lat' dir='ltr'><strong>tibus</strong></span> <span class='ocrx_word' id='word_1_57' title='bbox 284 1103 519 1171; x_wconf 80' lang='lat' dir='ltr'><strong>antecellebat.</strong></span> <span class='ocrx_word' id='word_1_58' title='bbox 544 1102 672 1168; x_wconf 93' lang='lat' dir='ltr'><strong>Verum</strong></span> <span class='ocrx_word' id='word_1_59' title='bbox 696 1101 727 1168; x_wconf 90' lang='lat' dir='ltr'><strong>ei</strong></span> <span class='ocrx_word' id='word_1_60' title='bbox 750 1118 814 1167; x_wconf 92' lang='lat' dir='ltr'><strong>nec</strong></span> <span class='ocrx_word' id='word_1_61' title='bbox 839 1101 958 1168; x_wconf 90' lang='lat' dir='ltr'><strong>eodem</strong></span> <span class='ocrx_word' id='word_1_62' title='bbox 983 1101 1134 1187; x_wconf 82' lang='lat' dir='ltr'><strong>ingenie,</strong></span> <span class='ocrx_word' id='word_1_63' title='bbox 1165 1118 1230 1168; x_wconf 90' lang='lat' dir='ltr'><strong>nec</strong></span> <span class='ocrx_word' id='word_1_64' title='bbox 1258 1101 1372 1168; x_wconf 91' lang='lat' dir='ltr'><strong>iisdem</strong></span> 
     </span>
     <span class='ocr_line' id='line_1_9' title="bbox 173 1207 1374 1295; baseline -0.004 -16"><span class='ocrx_word' id='word_1_65' title='bbox 173 1211 345 1279; x_wconf 88' lang='lat' dir='ltr'><strong>scribendi</strong></span> <span class='ocrx_word' id='word_1_66' title='bbox 359 1209 492 1277; x_wconf 90' lang='lat' dir='ltr'><strong>artibus</strong></span> <span class='ocrx_word' id='word_1_67' title='bbox 507 1208 661 1294; x_wconf 73' lang='lat' dir='ltr'><strong>praedite,</strong></span> <span class='ocrx_word' id='word_1_68' title='bbox 678 1224 817 1274; x_wconf 88' lang='lat' dir='ltr'><strong>necesse</strong></span> <span class='ocrx_word' id='word_1_69' title='bbox 832 1207 897 1274; x_wconf 87' lang='lat' dir='ltr'><strong>fuit</strong></span> <span class='ocrx_word' id='word_1_70' title='bbox 911 1208 1065 1274; x_wconf 89' lang='lat' dir='ltr'><strong>Marlovii</strong></span> <span class='ocrx_word' id='word_1_71' title='bbox 1081 1208 1258 1274; x_wconf 87' lang='lat' dir='ltr'><strong>scribendi</strong></span> <span class='ocrx_word' id='word_1_72' title='bbox 1272 1226 1374 1295; x_wconf 84' lang='lat' dir='ltr'><strong>genus</strong></span> 
     </span>
     <span class='ocr_line' id='line_1_10' title="bbox 173 1313 1375 1400; baseline -0.004 -16"><span class='ocrx_word' id='word_1_73' title='bbox 173 1317 379 1394; x_wconf 75' lang='lat' dir='ltr'><strong>imitaretur,</strong></span> <span class='ocrx_word' id='word_1_74' title='bbox 396 1318 430 1382; x_wconf 90' lang='lat' dir='ltr'><strong>et</strong></span> <span class='ocrx_word' id='word_1_75' title='bbox 444 1334 482 1382; x_wconf 88' lang='lat' dir='ltr'><strong>ea</strong></span> <span class='ocrx_word' id='word_1_76' title='bbox 499 1315 684 1381; x_wconf 88' lang='lat' dir='ltr'><strong>necessitas</strong></span> <span class='ocrx_word' id='word_1_77' title='bbox 698 1313 772 1379; x_wconf 88' lang='lat' dir='ltr'><strong>sine</strong></span> <span class='ocrx_word' id='word_1_78' title='bbox 786 1313 891 1380; x_wconf 94' lang='lat' dir='ltr'><strong>dubio</strong></span> <span class='ocrx_word' id='word_1_79' title='bbox 910 1331 989 1380; x_wconf 94' lang='lat' dir='ltr'><strong>eum</strong></span> <span class='ocrx_word' id='word_1_80' title='bbox 1009 1314 1044 1379; x_wconf 93' lang='lat' dir='ltr'><strong>in</strong></span> <span class='ocrx_word' id='word_1_81' title='bbox 1064 1331 1213 1400; x_wconf 78' lang='lat' dir='ltr'><strong>magnas</strong></span> <span class='ocrx_word' id='word_1_82' title='bbox 1233 1315 1375 1381; x_wconf 88' lang='lat' dir='ltr'><strong>salebras</strong></span> 
     </span>
     <span class='ocr_line' id='line_1_11' title="bbox 173 1418 1375 1506; baseline -0.004 -15"><span class='ocrx_word' id='word_1_83' title='bbox 173 1424 321 1491; x_wconf 84' lang='lat' dir='ltr'><strong>induxit.</strong></span> <span class='ocrx_word' id='word_1_84' title='bbox 339 1424 487 1489; x_wconf 88' lang='lat' dir='ltr'><strong>Honeste</strong></span> <span class='ocrx_word' id='word_1_85' title='bbox 506 1424 619 1487; x_wconf 91' lang='lat' dir='ltr'><strong>tamen</strong></span> <span class='ocrx_word' id='word_1_86' title='bbox 635 1438 778 1487; x_wconf 87' lang='lat' dir='ltr'><strong>munere</strong></span> <span class='ocrx_word' id='word_1_87' title='bbox 793 1426 950 1505; x_wconf 89' lang='lat' dir='ltr'><strong>suscepto</strong></span> <span class='ocrx_word' id='word_1_88' title='bbox 964 1418 1105 1487; x_wconf 88' lang='lat' dir='ltr'><strong>iunctus</strong></span> <span class='ocrx_word' id='word_1_89' title='bbox 1119 1422 1184 1500; x_wconf 91' lang='lat' dir='ltr'><strong>est,</strong></span> <span class='ocrx_word' id='word_1_90' title='bbox 1201 1425 1236 1487; x_wconf 89' lang='lat' dir='ltr'><strong>et</strong></span> <span class='ocrx_word' id='word_1_91' title='bbox 1250 1439 1375 1506; x_wconf 92' lang='lat' dir='ltr'><strong>poema,</strong></span> 
     </span>
     <span class='ocr_line' id='line_1_12' title="bbox 173 1525 1377 1615; baseline -0.005 -17"><span class='ocrx_word' id='word_1_92' title='bbox 173 1549 263 1599; x_wconf 93' lang='lat' dir='ltr'><strong>anno</strong></span> <span class='ocrx_word' id='word_1_93' title='bbox 286 1530 472 1596; x_wconf 89' lang='lat' dir='ltr'><strong>millesimo</strong></span> <span class='ocrx_word' id='word_1_94' title='bbox 495 1528 773 1614; x_wconf 86' lang='lat' dir='ltr'><strong>quingentesimo</strong></span> <span class='ocrx_word' id='word_1_95' title='bbox 797 1527 1021 1613; x_wconf 83' lang='lat' dir='ltr'><strong>nonagesimo</strong></span> <span class='ocrx_word' id='word_1_96' title='bbox 1039 1532 1158 1594; x_wconf 92' lang='lat' dir='ltr'><strong>octavo</strong></span> <span class='ocrx_word' id='word_1_97' title='bbox 1176 1525 1290 1615; x_wconf 82' lang='grc'>(1598)</span> <span class='ocrx_word' id='word_1_98' title='bbox 1313 1528 1377 1594; x_wconf 92' lang='lat' dir='ltr'><strong>edi·</strong></span> 
     </span>
     <span class='ocr_line' id='line_1_13' title="bbox 174 1633 1379 1720; baseline -0.003 -16"><span class='ocrx_word' id='word_1_99' title='bbox 174 1642 262 1715; x_wconf 89' lang='lat' dir='ltr'><strong>tum,</strong></span> <span class='ocrx_word' id='word_1_100' title='bbox 275 1637 364 1703; x_wconf 87' lang='lat' dir='ltr'><strong>inter</strong></span> <span class='ocrx_word' id='word_1_101' title='bbox 373 1653 475 1720; x_wconf 92' lang='lat' dir='ltr'><strong>opera</strong></span> <span class='ocrx_word' id='word_1_102' title='bbox 485 1652 562 1720; x_wconf 89' lang='lat' dir='ltr'><strong>quae</strong></span> <span class='ocrx_word' id='word_1_103' title='bbox 574 1633 787 1719; x_wconf 86' lang='lat' dir='ltr'><strong>temporibus</strong></span> <span class='ocrx_word' id='word_1_104' title='bbox 802 1633 925 1700; x_wconf 89' lang='lat' dir='ltr'><strong>iisdem</strong></span> <span class='ocrx_word' id='word_1_105' title='bbox 939 1634 1027 1718; x_wconf 93' lang='lat' dir='ltr'><strong>apud</strong></span> <span class='ocrx_word' id='word_1_106' title='bbox 1040 1633 1225 1700; x_wconf 91' lang='lat' dir='ltr'><strong>Britannos</strong></span> <span class='ocrx_word' id='word_1_107' title='bbox 1235 1634 1379 1700; x_wconf 87' lang='lat' dir='ltr'><strong>maxime</strong></span> 
     </span>
     <span class='ocr_line' id='line_1_14' title="bbox 175 1742 640 1823; baseline -0.009 -14"><span class='ocrx_word' id='word_1_108' title='bbox 175 1744 379 1823; x_wconf 90' lang='lat' dir='ltr'><strong>floruerunt,</strong></span> <span class='ocrx_word' id='word_1_109' title='bbox 399 1742 603 1807; x_wconf 87' lang='lat' dir='ltr'><strong>numeratur</strong></span> <span class='ocrx_word' id='word_1_110' title='bbox 617 1743 640 1805; x_wconf 89' lang='lat'><strong>¹.</strong></span> 
     </span>
    </p>

    <p class='ocr_par' dir='ltr' id='par_1_3' title="bbox 178 1844 1395 3956">
     <span class='ocr_line' id='line_1_15' title="bbox 220 1844 1382 1934; baseline -0.003 -18"><span class='ocrx_word' id='word_1_111' title='bbox 220 1848 398 1917; x_wconf 88' lang='lat' dir='ltr'><strong>Wartonio</strong></span> <span class='ocrx_word' id='word_1_112' title='bbox 427 1848 583 1925; x_wconf 92' lang='lat' dir='ltr'><strong>auctore,</strong></span> <span class='ocrx_word' id='word_1_113' title='bbox 615 1845 799 1913; x_wconf 89' lang='lat' dir='ltr'><strong>Marlovius</strong></span> <span class='ocrx_word' id='word_1_114' title='bbox 830 1847 954 1930; x_wconf 85' lang='lat' dir='ltr'><strong>praeter</strong></span> <span class='ocrx_word' id='word_1_115' title='bbox 982 1844 1054 1913; x_wconf 90' lang='lat' dir='ltr'><strong>baec</strong></span> <span class='ocrx_word' id='word_1_116' title='bbox 1082 1846 1221 1917; x_wconf 87' lang='lat' dir='ltr'><strong>Helenae</strong></span> <span class='ocrx_word' id='word_1_117' title='bbox 1249 1850 1382 1934; x_wconf 91' lang='lat' dir='ltr'><strong>raptum</strong></span> 
     </span>
     <span class='ocr_line' id='line_1_16' title="bbox 178 1951 1383 2042; baseline -0.004 -19"><span class='ocrx_word' id='word_1_118' title='bbox 178 1956 295 2042; x_wconf 83' lang='lat' dir='ltr'><strong>(Rape</strong></span> <span class='ocrx_word' id='word_1_119' title='bbox 319 1952 362 2040; x_wconf 82' lang='lat' dir='ltr'><strong>os</strong></span> <span class='ocrx_word' id='word_1_120' title='bbox 379 1951 546 2040; x_wconf 83' lang='lat' dir='ltr'><strong>Heleno),</strong></span> <span class='ocrx_word' id='word_1_121' title='bbox 570 1951 706 2019; x_wconf 86' lang='lat' dir='ltr'><strong>Goluthi</strong></span> <span class='ocrx_word' id='word_1_122' title='bbox 732 1970 864 2037; x_wconf 87' lang='lat' dir='ltr'><strong>poema,</strong></span> <span class='ocrx_word' id='word_1_123' title='bbox 893 1969 983 2018; x_wconf 93' lang='lat' dir='ltr'><strong>anno</strong></span> <span class='ocrx_word' id='word_1_124' title='bbox 1007 1954 1045 2018; x_wconf 87' lang='lat' dir='ltr'><strong>P.</strong></span> <span class='ocrx_word' id='word_1_125' title='bbox 1071 1954 1107 2019; x_wconf 80' lang='lat' dir='ltr'><strong>C.</strong></span> <span class='ocrx_word' id='word_1_126' title='bbox 1134 1955 1174 2019; x_wconf 89' lang='lat' dir='ltr'><strong>N.</strong></span> <span class='ocrx_word' id='word_1_127' title='bbox 1200 1952 1383 2020; x_wconf 86' lang='lat' dir='ltr'><strong>millesimo</strong></span> 
     </span>
     <span class='ocr_line' id='line_1_17' title="bbox 178 2056 1385 2149; baseline -0.002 -20"><span class='ocrx_word' id='word_1_128' title='bbox 178 2061 456 2149; x_wconf 81' lang='lat' dir='ltr'><strong>quingentesimo</strong></span> <span class='ocrx_word' id='word_1_129' title='bbox 471 2059 680 2147; x_wconf 84' lang='lat' dir='ltr'><strong>octogesimo</strong></span> <span class='ocrx_word' id='word_1_130' title='bbox 698 2059 845 2144; x_wconf 91' lang='lat' dir='ltr'><strong>septimo</strong></span> <span class='ocrx_word' id='word_1_131' title='bbox 860 2056 975 2146; x_wconf 80' lang='lat'>(1587)</span> <span class='ocrx_word' id='word_1_132' title='bbox 990 2058 1025 2124; x_wconf 94' lang='lat' dir='ltr'><strong>in</strong></span> <span class='ocrx_word' id='word_1_133' title='bbox 1041 2078 1162 2126; x_wconf 85' lang='lat' dir='ltr'><strong>versus</strong></span> <span class='ocrx_word' id='word_1_134' title='bbox 1177 2060 1385 2128; x_wconf 91' lang='lat' dir='ltr'><strong>britannicos</strong></span> 
     </span>
     <span class='ocr_line' id='line_1_18' title="bbox 179 2165 1384 2254; baseline -0.003 -17"><span class='ocrx_word' id='word_1_135' title='bbox 179 2167 358 2237; x_wconf 87' lang='lat' dir='ltr'><strong>convertit.</strong></span> <span class='ocrx_word' id='word_1_136' title='bbox 380 2165 654 2254; x_wconf 72' lang='lat' dir='ltr'><strong>chirographum</strong></span> <span class='ocrx_word' id='word_1_137' title='bbox 674 2169 788 2232; x_wconf 89' lang='lat' dir='ltr'><strong>tamen</strong></span> <span class='ocrx_word' id='word_1_138' title='bbox 813 2182 990 2250; x_wconf 83' lang='lat' dir='ltr'><strong>nunquam</strong></span> <span class='ocrx_word' id='word_1_139' title='bbox 1016 2166 1125 2233; x_wconf 90' lang='lat' dir='ltr'><strong>oculis</strong></span> <span class='ocrx_word' id='word_1_140' title='bbox 1148 2167 1223 2234; x_wconf 91' lang='lat' dir='ltr'><strong>suis</strong></span> <span class='ocrx_word' id='word_1_141' title='bbox 1246 2167 1384 2248; x_wconf 88' lang='lat' dir='ltr'><strong>vidisse,</strong></span> 
     </span>
     <span class='ocr_line' id='line_1_19' title="bbox 180 2272 1386 2358; baseline -0.001 -16"><span class='ocrx_word' id='word_1_142' title='bbox 180 2279 214 2342; x_wconf 88' lang='lat' dir='ltr'><strong>et</strong></span> <span class='ocrx_word' id='word_1_143' title='bbox 237 2293 310 2342; x_wconf 91' lang='lat' dir='ltr'><strong>rem</strong></span> <span class='ocrx_word' id='word_1_144' title='bbox 334 2274 377 2342; x_wconf 92' lang='lat' dir='ltr'><strong>ab</strong></span> <span class='ocrx_word' id='word_1_145' title='bbox 400 2273 534 2340; x_wconf 89' lang='lat' dir='ltr'><strong>erudito</strong></span> <span class='ocrx_word' id='word_1_146' title='bbox 554 2273 628 2340; x_wconf 90' lang='lat' dir='ltr'><strong>viro</strong></span> <span class='ocrx_word' id='word_1_147' title='bbox 647 2272 706 2358; x_wconf 87' lang='lat' dir='ltr'><strong>qui</strong></span> <span class='ocrx_word' id='word_1_148' title='bbox 726 2272 894 2358; x_wconf 87' lang='lat' dir='ltr'><strong>patienter</strong></span> <span class='ocrx_word' id='word_1_149' title='bbox 916 2272 1057 2339; x_wconf 84' lang='lat' dir='ltr'><strong>fabellas</strong></span> <span class='ocrx_word' id='word_1_150' title='bbox 1076 2278 1273 2358; x_wconf 81' lang='lat' dir='ltr'><strong>excerperet</strong></span> <span class='ocrx_word' id='word_1_151' title='bbox 1295 2293 1386 2341; x_wconf 85' lang='lat' dir='ltr'><strong>acce-</strong></span> 
     </span>
     <span class='ocr_line' id='line_1_20' title="bbox 181 2379 1385 2469; baseline -0.002 -20"><span class='ocrx_word' id='word_1_152' title='bbox 181 2382 274 2469; x_wconf 88' lang='lat' dir='ltr'><strong>pisse</strong></span> <span class='ocrx_word' id='word_1_153' title='bbox 293 2379 430 2447; x_wconf 85' lang='lat' dir='ltr'><strong>satetur.</strong></span> <span class='ocrx_word' id='word_1_154' title='bbox 453 2381 533 2447; x_wconf 85' lang='lat' dir='ltr'><strong>Haec</strong></span> <span class='ocrx_word' id='word_1_155' title='bbox 551 2379 742 2458; x_wconf 74' lang='lat' dir='ltr'><strong>translatio</strong></span> <span class='ocrx_word' id='word_1_156' title='bbox 759 2380 788 2446; x_wconf 93' lang='lat' dir='ltr'><strong>si</strong></span> <span class='ocrx_word' id='word_1_157' title='bbox 805 2379 905 2446; x_wconf 92' lang='lat' dir='ltr'><strong>modo</strong></span> <span class='ocrx_word' id='word_1_158' title='bbox 927 2380 1107 2458; x_wconf 86' lang='lat' dir='ltr'><strong>exstiterit,</strong></span> <span class='ocrx_word' id='word_1_159' title='bbox 1128 2398 1198 2447; x_wconf 92' lang='lat' dir='ltr'><strong>non</strong></span> <span class='ocrx_word' id='word_1_160' title='bbox 1220 2384 1385 2467; x_wconf 90' lang='lat' dir='ltr'><strong>superest,</strong></span> 
     </span>
     <span class='ocr_line' id='line_1_21' title="bbox 181 2485 1388 2574; baseline 0 -20"><span class='ocrx_word' id='word_1_161' title='bbox 181 2489 388 2573; x_wconf 90' lang='lat' dir='ltr'><strong>quapropter</strong></span> <span class='ocrx_word' id='word_1_162' title='bbox 410 2485 500 2553; x_wconf 92' lang='lat' dir='ltr'><strong>inter</strong></span> <span class='ocrx_word' id='word_1_163' title='bbox 520 2486 727 2553; x_wconf 89' lang='lat' dir='ltr'><strong>Marloviana</strong></span> <span class='ocrx_word' id='word_1_164' title='bbox 751 2504 852 2572; x_wconf 93' lang='lat' dir='ltr'><strong>opera</strong></span> <span class='ocrx_word' id='word_1_165' title='bbox 877 2503 946 2552; x_wconf 94' lang='lat' dir='ltr'><strong>non</strong></span> <span class='ocrx_word' id='word_1_166' title='bbox 969 2490 1148 2553; x_wconf 90' lang='lat' dir='ltr'><strong>numerata</strong></span> <span class='ocrx_word' id='word_1_167' title='bbox 1173 2486 1250 2554; x_wconf 88' lang='lat' dir='ltr'><strong>fuit.</strong></span> <span class='ocrx_word' id='word_1_168' title='bbox 1274 2490 1388 2574; x_wconf 81' lang='lat' dir='ltr'><strong>Longo</strong></span> 
     </span>
     <span class='ocr_line' id='line_1_22' title="bbox 181 2592 1386 2679; baseline 0 -18"><span class='ocrx_word' id='word_1_169' title='bbox 181 2598 297 2661; x_wconf 72' lang='lat' dir='ltr'><strong>tamma</strong></span> <span class='ocrx_word' id='word_1_170' title='bbox 321 2592 486 2678; x_wconf 91' lang='lat' dir='ltr'><strong>temporis</strong></span> <span class='ocrx_word' id='word_1_171' title='bbox 510 2592 619 2677; x_wconf 90' lang='lat' dir='ltr'><strong>spatio</strong></span> <span class='ocrx_word' id='word_1_172' title='bbox 642 2592 813 2660; x_wconf 91' lang='lat' dir='ltr'><strong>Wartonii</strong></span> <span class='ocrx_word' id='word_1_173' title='bbox 830 2592 984 2678; x_wconf 92' lang='lat' dir='ltr'><strong>opinioni</strong></span> <span class='ocrx_word' id='word_1_174' title='bbox 1012 2593 1097 2659; x_wconf 87' lang='lat' dir='ltr'><strong>fides</strong></span> <span class='ocrx_word' id='word_1_175' title='bbox 1120 2593 1282 2679; x_wconf 86' lang='lat' dir='ltr'><strong>adjuncta</strong></span> <span class='ocrx_word' id='word_1_176' title='bbox 1311 2594 1386 2661; x_wconf 87' lang='lat' dir='ltr'><strong>fuit.</strong></span> 
     </span>
     <span class='ocr_line' id='line_1_23' title="bbox 183 2698 1386 2787; baseline -0.001 -19"><span class='ocrx_word' id='word_1_177' title='bbox 183 2699 384 2769; x_wconf 90' lang='lat' dir='ltr'><strong>Wartonius</strong></span> <span class='ocrx_word' id='word_1_178' title='bbox 398 2698 565 2787; x_wconf 86' lang='lat' dir='ltr'><strong>lingebat,</strong></span> <span class='ocrx_word' id='word_1_179' title='bbox 593 2702 628 2765; x_wconf 87' lang='lat' dir='ltr'><strong>et</strong></span> <span class='ocrx_word' id='word_1_180' title='bbox 651 2698 854 2784; x_wconf 86' lang='lat' dir='ltr'><strong>conjecturae</strong></span> <span class='ocrx_word' id='word_1_181' title='bbox 877 2699 949 2765; x_wconf 91' lang='lat' dir='ltr'><strong>veri</strong></span> <span class='ocrx_word' id='word_1_182' title='bbox 972 2700 1130 2785; x_wconf 89' lang='lat' dir='ltr'><strong>quaedam</strong></span> <span class='ocrx_word' id='word_1_183' title='bbox 1148 2700 1281 2786; x_wconf 90' lang='lat' dir='ltr'><strong>species</strong></span> <span class='ocrx_word' id='word_1_184' title='bbox 1304 2704 1386 2778; x_wconf 90' lang='lat' dir='ltr'><strong>erat,</strong></span> 
     </span>
     <span class='ocr_line' id='line_1_24' title="bbox 184 2804 1390 2892; baseline -0.001 -18"><span class='ocrx_word' id='word_1_185' title='bbox 184 2806 386 2875; x_wconf 88' lang='lat' dir='ltr'><strong>Marlovium</strong></span> <span class='ocrx_word' id='word_1_186' title='bbox 400 2805 582 2873; x_wconf 94' lang='lat' dir='ltr'><strong>inductum</strong></span> <span class='ocrx_word' id='word_1_187' title='bbox 597 2804 704 2872; x_wconf 88' lang='lat' dir='ltr'><strong>luisse</strong></span> <span class='ocrx_word' id='word_1_188' title='bbox 719 2806 761 2872; x_wconf 89' lang='lat' dir='ltr'><strong>ad</strong></span> <span class='ocrx_word' id='word_1_189' title='bbox 773 2807 919 2874; x_wconf 70' lang='lat' dir='ltr'><strong>Helenae</strong></span> <span class='ocrx_word' id='word_1_190' title='bbox 930 2809 1091 2892; x_wconf 82' lang='lat' dir='ltr'><strong>Raptum</strong></span> <span class='ocrx_word' id='word_1_191' title='bbox 1106 2807 1141 2873; x_wconf 95' lang='lat' dir='ltr'><strong>in</strong></span> <span class='ocrx_word' id='word_1_192' title='bbox 1159 2808 1390 2875; x_wconf 90' lang='lat' dir='ltr'><strong>britannicum</strong></span> 
     </span>
     <span class='ocr_line' id='line_1_25' title="bbox 184 2911 1391 2999; baseline -0.002 -18"><span class='ocrx_word' id='word_1_193' title='bbox 184 2912 388 2982; x_wconf 89' lang='lat' dir='ltr'><strong>vertendum</strong></span> <span class='ocrx_word' id='word_1_194' title='bbox 409 2930 448 2979; x_wconf 90' lang='lat' dir='ltr'><strong>eo</strong></span> <span class='ocrx_word' id='word_1_195' title='bbox 467 2912 557 2996; x_wconf 92' lang='lat' dir='ltr'><strong>quod</strong></span> <span class='ocrx_word' id='word_1_196' title='bbox 578 2912 687 2979; x_wconf 87' lang='lat' dir='ltr'><strong>soluta</strong></span> <span class='ocrx_word' id='word_1_197' title='bbox 709 2911 812 2998; x_wconf 91' lang='lat' dir='ltr'><strong>hujus</strong></span> <span class='ocrx_word' id='word_1_198' title='bbox 830 2913 997 2997; x_wconf 89' lang='lat' dir='ltr'><strong>poematis</strong></span> <span class='ocrx_word' id='word_1_199' title='bbox 1020 2913 1200 2980; x_wconf 86' lang='lat' dir='ltr'><strong>translatio</strong></span> <span class='ocrx_word' id='word_1_200' title='bbox 1222 2913 1391 2999; x_wconf 89' lang='lat' dir='ltr'><strong>superiori</strong></span> 
     </span>
     <span class='ocr_line' id='line_1_26' title="bbox 186 3017 1391 3088; baseline -0.002 0"><span class='ocrx_word' id='word_1_201' title='bbox 186 3038 276 3088; x_wconf 93' lang='lat' dir='ltr'><strong>anno</strong></span> <span class='ocrx_word' id='word_1_202' title='bbox 308 3019 398 3085; x_wconf 88' lang='lat' dir='ltr'><strong>edita</strong></span> <span class='ocrx_word' id='word_1_203' title='bbox 430 3017 563 3085; x_wconf 84' lang='lat' dir='ltr'><strong>suisset.</strong></span> <span class='ocrx_word' id='word_1_204' title='bbox 598 3019 781 3086; x_wconf 88' lang='lat' dir='ltr'><strong>Asseverat</strong></span> <span class='ocrx_word' id='word_1_205' title='bbox 808 3019 911 3086; x_wconf 90' lang='lat' dir='ltr'><strong>ctiam</strong></span> <span class='ocrx_word' id='word_1_206' title='bbox 945 3018 1034 3086; x_wconf 92' lang='lat' dir='ltr'><strong>hanc</strong></span> <span class='ocrx_word' id='word_1_207' title='bbox 1066 3021 1327 3087; x_wconf 85' lang='lat' dir='ltr'><strong>translationem</strong></span> <span class='ocrx_word' id='word_1_208' title='bbox 1355 3021 1391 3086; x_wconf 95' lang='lat' dir='ltr'><strong>in</strong></span> 
     </span>
     <span class='ocr_line' id='line_1_27' title="bbox 187 3124 1393 3214; baseline -0.001 -21"><span class='ocrx_word' id='word_1_209' title='bbox 187 3126 421 3193; x_wconf 92' lang='lat' dir='ltr'><strong>Librariorum</strong></span> <span class='ocrx_word' id='word_1_210' title='bbox 449 3125 583 3192; x_wconf 87' lang='lat' dir='ltr'><strong>tabulas</strong></span> <span class='ocrx_word' id='word_1_211' title='bbox 615 3125 757 3191; x_wconf 86' lang='lat' dir='ltr'><strong>relatam</strong></span> <span class='ocrx_word' id='word_1_212' title='bbox 790 3124 896 3192; x_wconf 85' lang='lat' dir='ltr'><strong>fuisse</strong></span> <span class='ocrx_word' id='word_1_213' title='bbox 928 3144 946 3192; x_wconf 92' lang='lat' dir='ltr'><strong>a</strong></span> <span class='ocrx_word' id='word_1_214' title='bbox 974 3127 1104 3192; x_wconf 84' lang='lat' dir='ltr'><strong>loanne</strong></span> <span class='ocrx_word' id='word_1_215' title='bbox 1136 3125 1274 3214; x_wconf 82' lang='lat' dir='ltr'><strong>(lones)</strong></span> <span class='ocrx_word' id='word_1_216' title='bbox 1304 3145 1393 3194; x_wconf 93' lang='lat' dir='ltr'><strong>anno</strong></span> 
     </span>
     <span class='ocr_line' id='line_1_28' title="bbox 186 3229 1395 3319; baseline -0.001 -20"><span class='ocrx_word' id='word_1_217' title='bbox 186 3232 373 3300; x_wconf 89' lang='lat' dir='ltr'><strong>millesimo</strong></span> <span class='ocrx_word' id='word_1_218' title='bbox 386 3231 663 3318; x_wconf 84' lang='lat' dir='ltr'><strong>quingentesimo</strong></span> <span class='ocrx_word' id='word_1_219' title='bbox 678 3232 901 3319; x_wconf 80' lang='lat' dir='ltr'><strong>nonagesimo</strong></span> <span class='ocrx_word' id='word_1_220' title='bbox 916 3232 1036 3317; x_wconf 90' lang='lat' dir='ltr'><strong>quinto</strong></span> <span class='ocrx_word' id='word_1_221' title='bbox 1052 3229 1177 3318; x_wconf 81' lang='grc'>(1595).</span> <span class='ocrx_word' id='word_1_222' title='bbox 1198 3259 1214 3293; x_wconf 74' lang='grc' dir='ltr'><strong>α</strong></span> <span class='ocrx_word' id='word_1_223' title='bbox 1230 3234 1263 3300; x_wconf 86' lang='grc' dir='ltr'><em>Α</em></span> <span class='ocrx_word' id='word_1_224' title='bbox 1274 3234 1395 3301; x_wconf 85' lang='lat' dir='ltr'><strong>Boolce</strong></span> 
     </span>
     <span class='ocr_line' id='line_1_29' title="bbox 188 3336 1394 3425; baseline -0.002 -19"><span class='ocrx_word' id='word_1_225' title='bbox 188 3339 367 3406; x_wconf 81' lang='lat' dir='ltr'><strong>entituled</strong></span> <span class='ocrx_word' id='word_1_226' title='bbox 385 3341 527 3424; x_wconf 81' lang='lat' dir='ltr'><strong>Raptus</strong></span> <span class='ocrx_word' id='word_1_227' title='bbox 544 3338 692 3405; x_wconf 72' lang='lat' dir='ltr'><strong>Helenae</strong></span> <span class='ocrx_word' id='word_1_228' title='bbox 713 3337 887 3425; x_wconf 82' lang='lat' dir='ltr'><strong>(Heleoe&#39;s</strong></span> <span class='ocrx_word' id='word_1_229' title='bbox 910 3336 1043 3425; x_wconf 83' lang='lat' dir='ltr'><strong>Rape),</strong></span> <span class='ocrx_word' id='word_1_230' title='bbox 1065 3339 1110 3424; x_wconf 73' lang='lat' dir='ltr'><strong>by</strong></span> <span class='ocrx_word' id='word_1_231' title='bbox 1132 3339 1190 3406; x_wconf 79' lang='lat' dir='ltr'><strong>the</strong></span> <span class='ocrx_word' id='word_1_232' title='bbox 1216 3340 1394 3406; x_wconf 75' lang='lat' dir='ltr'><strong>albentem</strong></span> 
     </span>
     <span class='ocr_line' id='line_1_30' title="bbox 187 3445 1395 3532; baseline -0.001 -20"><span class='ocrx_word' id='word_1_233' title='bbox 187 3446 293 3512; x_wconf 82' lang='lat' dir='ltr'><strong>Dulce</strong></span> <span class='ocrx_word' id='word_1_234' title='bbox 323 3445 486 3512; x_wconf 81' lang='lat' dir='ltr'><strong>Theseus.</strong></span> <span class='ocrx_word' id='word_1_235' title='bbox 514 3470 528 3504; x_wconf 82' lang='lat'>»</span> <span class='ocrx_word' id='word_1_236' title='bbox 560 3445 624 3512; x_wconf 86' lang='lat' dir='ltr'><strong>Sed</strong></span> <span class='ocrx_word' id='word_1_237' title='bbox 652 3445 688 3510; x_wconf 91' lang='lat' dir='ltr'><strong>in</strong></span> <span class='ocrx_word' id='word_1_238' title='bbox 716 3463 867 3511; x_wconf 88' lang='lat' dir='ltr'><strong>errorem</strong></span> <span class='ocrx_word' id='word_1_239' title='bbox 895 3445 1078 3511; x_wconf 87' lang='lat' dir='ltr'><strong>manifesto</strong></span> <span class='ocrx_word' id='word_1_240' title='bbox 1107 3446 1246 3525; x_wconf 84' lang='lat' dir='ltr'><strong>incidit,</strong></span> <span class='ocrx_word' id='word_1_241' title='bbox 1282 3445 1395 3532; x_wconf 88' lang='lat' dir='ltr'><strong>inquit</strong></span> 
     </span>
     <span class='ocr_line' id='line_1_31' title="bbox 188 3550 1394 3637; baseline 0.002 -21"><span class='ocrx_word' id='word_1_242' title='bbox 188 3550 326 3636; x_wconf 85' lang='lat' dir='ltr'><strong>uycius,</strong></span> <span class='ocrx_word' id='word_1_243' title='bbox 347 3550 511 3618; x_wconf 85' lang='lat' dir='ltr'><strong>Coluthus</strong></span> <span class='ocrx_word' id='word_1_244' title='bbox 529 3551 622 3617; x_wconf 90' lang='lat' dir='ltr'><strong>enim</strong></span> <span class='ocrx_word' id='word_1_245' title='bbox 642 3551 765 3617; x_wconf 89' lang='lat' dir='ltr'><strong>cecinit</strong></span> <span class='ocrx_word' id='word_1_246' title='bbox 783 3552 921 3618; x_wconf 85' lang='lat' dir='ltr'><strong>Helenae</strong></span> <span class='ocrx_word' id='word_1_247' title='bbox 940 3556 1077 3637; x_wconf 88' lang='lat' dir='ltr'><strong>raptum</strong></span> <span class='ocrx_word' id='word_1_248' title='bbox 1097 3571 1116 3619; x_wconf 92' lang='lat' dir='ltr'><strong>a</strong></span> <span class='ocrx_word' id='word_1_249' title='bbox 1136 3552 1271 3633; x_wconf 90' lang='lat' dir='ltr'><strong>Paride,</strong></span> <span class='ocrx_word' id='word_1_250' title='bbox 1292 3570 1394 3619; x_wconf 90' lang='lat' dir='ltr'><strong>noua</strong></span> 
     </span>
     <span class='ocr_line' id='line_1_32' title="bbox 188 3656 1394 3743; baseline 0.002 -21"><span class='ocrx_word' id='word_1_251' title='bbox 188 3656 327 3723; x_wconf 89' lang='lat' dir='ltr'><strong>Theseo.</strong></span> <span class='ocrx_word' id='word_1_252' title='bbox 355 3656 486 3724; x_wconf 92' lang='lat' dir='ltr'><strong>Pariter</strong></span> <span class='ocrx_word' id='word_1_253' title='bbox 511 3657 664 3724; x_wconf 87' lang='lat' dir='ltr'><strong>Malonus</strong></span> <span class='ocrx_word' id='word_1_254' title='bbox 688 3658 724 3723; x_wconf 93' lang='lat' dir='ltr'><strong>in</strong></span> <span class='ocrx_word' id='word_1_255' title='bbox 747 3658 950 3725; x_wconf 89' lang='lat' dir='ltr'><strong>Marlovium</strong></span> <span class='ocrx_word' id='word_1_256' title='bbox 974 3657 1038 3726; x_wconf 86' lang='lat' dir='ltr'><strong>boc</strong></span> <span class='ocrx_word' id='word_1_257' title='bbox 1064 3676 1184 3743; x_wconf 88' lang='lat' dir='ltr'><strong>poema</strong></span> <span class='ocrx_word' id='word_1_258' title='bbox 1208 3659 1394 3726; x_wconf 89' lang='lat' dir='ltr'><strong>contulisse</strong></span> 
     </span>
     <span class='ocr_line' id='line_1_33' title="bbox 189 3763 1394 3850; baseline 0.001 -20"><span class='ocrx_word' id='word_1_259' title='bbox 189 3763 336 3841; x_wconf 91' lang='lat' dir='ltr'><strong>videtur,</strong></span> <span class='ocrx_word' id='word_1_260' title='bbox 358 3781 465 3848; x_wconf 90' lang='lat' dir='ltr'><strong>quum</strong></span> <span class='ocrx_word' id='word_1_261' title='bbox 482 3763 668 3830; x_wconf 86' lang='lat' dir='ltr'><strong>miseratur</strong></span> <span class='ocrx_word' id='word_1_262' title='bbox 687 3764 908 3831; x_wconf 88' lang='lat' dir='ltr'><strong>immaturam</strong></span> <span class='ocrx_word' id='word_1_263' title='bbox 923 3767 1071 3831; x_wconf 91' lang='lat' dir='ltr'><strong>mortem</strong></span> <span class='ocrx_word' id='word_1_264' title='bbox 1085 3783 1152 3850; x_wconf 90' lang='lat' dir='ltr'><strong>qua</strong></span> <span class='ocrx_word' id='word_1_265' title='bbox 1168 3768 1268 3848; x_wconf 88' lang='lat' dir='ltr'><strong>poeta</strong></span> <span class='ocrx_word' id='word_1_266' title='bbox 1285 3765 1394 3850; x_wconf 92' lang='lat' dir='ltr'><strong>impe·</strong></span> 
     </span>
     <span class='ocr_line' id='line_1_34' title="bbox 190 3867 1392 3956; baseline 0 -20"><span class='ocrx_word' id='word_1_267' title='bbox 190 3869 283 3936; x_wconf 84' lang='lat' dir='ltr'><strong>ditus</strong></span> <span class='ocrx_word' id='word_1_268' title='bbox 306 3867 380 3936; x_wconf 85' lang='lat' dir='ltr'><strong>luit</strong></span> <span class='ocrx_word' id='word_1_269' title='bbox 398 3887 441 3937; x_wconf 89' lang='lat' dir='ltr'><strong>ne</strong></span> <span class='ocrx_word' id='word_1_270' title='bbox 464 3887 584 3955; x_wconf 90' lang='lat' dir='ltr'><strong>poema</strong></span> <span class='ocrx_word' id='word_1_271' title='bbox 608 3869 664 3939; x_wconf 93' lang='lat' dir='ltr'><strong>cui</strong></span> <span class='ocrx_word' id='word_1_272' title='bbox 688 3871 778 3937; x_wconf 89' lang='lat' dir='ltr'><strong>Hero</strong></span> <span class='ocrx_word' id='word_1_273' title='bbox 800 3872 867 3938; x_wconf 90' lang='lat' dir='ltr'><strong>aud</strong></span> <span class='ocrx_word' id='word_1_274' title='bbox 892 3871 1045 3938; x_wconf 88' lang='lat' dir='ltr'><strong>Leander</strong></span> <span class='ocrx_word' id='word_1_275' title='bbox 1063 3870 1185 3938; x_wconf 90' lang='lat' dir='ltr'><strong>titulus</strong></span> <span class='ocrx_word' id='word_1_276' title='bbox 1200 3871 1392 3956; x_wconf 87' lang='lat' dir='ltr'><strong>perfecerit,</strong></span> 
     </span>
    </p>
   </div>
   <div class='ocr_carea' id='block_1_3' title="bbox 189 4122 1397 4267">
    <p class='ocr_par' dir='ltr' id='par_1_4' title="bbox 189 4122 1397 4267">
     <span class='ocr_line' id='line_1_35' title="bbox 224 4122 1397 4190; baseline -0.002 -14"><span class='ocrx_word' id='word_1_277' title='bbox 224 4123 233 4158; x_wconf 82' lang='lat'>¹</span> <span class='ocrx_word' id='word_1_278' title='bbox 253 4123 284 4176; x_wconf 93' lang='lat' dir='ltr'><strong>ln</strong></span> <span class='ocrx_word' id='word_1_279' title='bbox 301 4122 476 4175; x_wconf 89' lang='lat' dir='ltr'><strong>librariorum</strong></span> <span class='ocrx_word' id='word_1_280' title='bbox 494 4125 601 4177; x_wconf 85' lang='lat' dir='ltr'><strong>tabulas</strong></span> <span class='ocrx_word' id='word_1_281' title='bbox 626 4137 698 4176; x_wconf 86' lang='lat' dir='ltr'><strong>anuo</strong></span> <span class='ocrx_word' id='word_1_282' title='bbox 721 4124 865 4177; x_wconf 88' lang='lat' dir='ltr'><strong>millesimo</strong></span> <span class='ocrx_word' id='word_1_283' title='bbox 888 4124 1105 4190; x_wconf 87' lang='lat' dir='ltr'><strong>quingentesimo</strong></span> <span class='ocrx_word' id='word_1_284' title='bbox 1126 4125 1303 4190; x_wconf 86' lang='lat' dir='ltr'><strong>nonagesimo</strong></span> <span class='ocrx_word' id='word_1_285' title='bbox 1316 4124 1397 4177; x_wconf 85' lang='lat' dir='ltr'><strong>tertio</strong></span> 
     </span>
     <span class='ocr_line' id='line_1_36' title="bbox 189 4203 1187 4267; baseline -0.001 -13"><span class='ocrx_word' id='word_1_286' title='bbox 189 4203 272 4267; x_wconf 84' lang='grc'>(1593)</span> <span class='ocrx_word' id='word_1_287' title='bbox 283 4205 400 4256; x_wconf 87' lang='lat' dir='ltr'><strong>relatum</strong></span> <span class='ocrx_word' id='word_1_288' title='bbox 417 4204 517 4256; x_wconf 80' lang='lat' dir='ltr'><strong>iuerat.</strong></span> <span class='ocrx_word' id='word_1_289' title='bbox 1184 4229 1187 4234; x_wconf 96' lang='lat'>-</span> 
     </span>
    </p>
   </div>
   <div class='ocr_carea' id='block_1_4' title="bbox 224 4284 1397 4352">
    <p class='ocr_par' dir='ltr' id='par_1_5' title="bbox 224 4284 1397 4352">
     <span class='ocr_line' id='line_1_37' title="bbox 224 4284 1397 4352; baseline 0.003 -21"><span class='ocrx_word' id='word_1_290' title='bbox 224 4300 235 4331; x_wconf 81' lang='grc' dir='ltr'>ι</span> <span class='ocrx_word' id='word_1_291' title='bbox 250 4284 368 4350; x_wconf 83' lang='lat' dir='ltr'><strong>xxviij·</strong></span> <span class='ocrx_word' id='word_1_292' title='bbox 379 4285 423 4336; x_wconf 88' lang='lat' dir='ltr'><strong>die</strong></span> <span class='ocrx_word' id='word_1_293' title='bbox 439 4285 574 4351; x_wconf 85' lang='lat' dir='ltr'><strong>Septemb.</strong></span> <span class='ocrx_word' id='word_1_294' title='bbox 596 4287 677 4350; x_wconf 77' lang='lat'>(159³)</span> <span class='ocrx_word' id='word_1_295' title='bbox 693 4287 765 4339; x_wconf 86' lang='lat' dir='ltr'><strong>John</strong></span> <span class='ocrx_word' id='word_1_296' title='bbox 777 4287 854 4341; x_wconf 85' lang='lat' dir='ltr'><strong>Wols</strong></span> <span class='ocrx_word' id='word_1_297' title='bbox 865 4287 960 4339; x_wconf 83' lang='lat' dir='ltr'><strong>entred</strong></span> <span class='ocrx_word' id='word_1_298' title='bbox 975 4287 1017 4338; x_wconf 84' lang='lat' dir='ltr'><strong>lor</strong></span> <span class='ocrx_word' id='word_1_299' title='bbox 1030 4287 1073 4338; x_wconf 91' lang='lat' dir='ltr'><strong>his</strong></span> <span class='ocrx_word' id='word_1_300' title='bbox 1092 4287 1190 4352; x_wconf 83' lang='lat' dir='ltr'><strong>Copye,</strong></span> <span class='ocrx_word' id='word_1_301' title='bbox 1209 4290 1264 4338; x_wconf 87' lang='lat' dir='ltr'><strong>etc.</strong></span> <span class='ocrx_word' id='word_1_302' title='bbox 1290 4301 1308 4338; x_wconf 89' lang='lat' dir='ltr'><strong>a</strong></span> <span class='ocrx_word' id='word_1_303' title='bbox 1327 4286 1397 4338; x_wconf 88' lang='lat' dir='ltr'><strong>book</strong></span> 
     </span>
    </p>
   </div>
   <div class='ocr_carea' id='block_1_5' title="bbox 191 4362 1399 4511">
    <p class='ocr_par' dir='ltr' id='par_1_6' title="bbox 191 4362 1399 4511">
     <span class='ocr_line' id='line_1_38' title="bbox 191 4362 1399 4495; baseline 0 -81"><span class='ocrx_word' id='word_1_304' title='bbox 191 4362 317 4494; x_wconf 50' lang='lat' dir='ltr'><strong>{patitluled</strong></span> <span class='ocrx_word' id='word_1_305' title='bbox 332 4366 400 4417; x_wconf 90' lang='lat' dir='ltr'><strong>Hero</strong></span> <span class='ocrx_word' id='word_1_306' title='bbox 420 4366 475 4417; x_wconf 87' lang='lat' dir='ltr'><strong>and</strong></span> <span class='ocrx_word' id='word_1_307' title='bbox 494 4366 623 4431; x_wconf 88' lang='lat' dir='ltr'><strong>Leander,</strong></span> <span class='ocrx_word' id='word_1_308' title='bbox 645 4367 727 4431; x_wconf 84' lang='lat' dir='ltr'><strong>being</strong></span> <span class='ocrx_word' id='word_1_309' title='bbox 740 4380 775 4417; x_wconf 87' lang='lat' dir='ltr'><strong>au</strong></span> <span class='ocrx_word' id='word_1_310' title='bbox 793 4381 921 4418; x_wconf 87' lang='lat' dir='ltr'><strong>amorous</strong></span> <span class='ocrx_word' id='word_1_311' title='bbox 943 4380 1023 4433; x_wconf 89' lang='lat' dir='ltr'><strong>poem</strong></span> <span class='ocrx_word' id='word_1_312' title='bbox 1040 4367 1151 4418; x_wconf 86' lang='lat' dir='ltr'><strong>devised</strong></span> <span class='ocrx_word' id='word_1_313' title='bbox 1168 4368 1204 4431; x_wconf 88' lang='lat' dir='ltr'><strong>by</strong></span> <span class='ocrx_word' id='word_1_314' title='bbox 1223 4366 1399 4495; x_wconf 61' lang='lat' dir='ltr'><strong>Christopiher</strong></span> 
     </span>
     <span class='ocr_line' id='line_1_39' title="bbox 236 4457 1394 4511; baseline 0 -17"><span class='ocrx_word' id='word_1_315' title='bbox 236 4457 301 4496; x_wconf 84' lang='lat' dir='ltr'><strong>row</strong></span> <span class='ocrx_word' id='word_1_316' title='bbox 1306 4460 1332 4511; x_wconf 75' lang='grc' dir='ltr'><strong>ν]</strong></span> <span class='ocrx_word' id='word_1_317' title='bbox 1359 4483 1365 4495; x_wconf 95' lang='grc'><em>.</em></span> <span class='ocrx_word' id='word_1_318' title='bbox 1383 4462 1394 4492; x_wconf 77' lang='grc' dir='ltr'>ι</span> 
     </span>
    </p>
   </div>
   <div class='ocr_carea' id='block_1_6' title="bbox 190 4524 1397 4676">
    <p class='ocr_par' dir='ltr' id='par_1_7' title="bbox 190 4524 1397 4676">
     <span class='ocr_line' id='line_1_40' title="bbox 223 4524 1397 4595; baseline -0.002 -19"><span class='ocrx_word' id='word_1_319' title='bbox 223 4524 305 4590; x_wconf 84' lang='lat' dir='ltr'><strong>Typis</strong></span> <span class='ocrx_word' id='word_1_320' title='bbox 328 4528 421 4577; x_wconf 87' lang='lat' dir='ltr'><strong>autem</strong></span> <span class='ocrx_word' id='word_1_321' title='bbox 446 4527 606 4579; x_wconf 87' lang='lat' dir='ltr'><strong>mandatum</strong></span> <span class='ocrx_word' id='word_1_322' title='bbox 634 4527 686 4578; x_wconf 84' lang='lat' dir='ltr'><strong>luit</strong></span> <span class='ocrx_word' id='word_1_323' title='bbox 708 4527 797 4579; x_wconf 91' lang='lat' dir='ltr'><strong>solum</strong></span> <span class='ocrx_word' id='word_1_324' title='bbox 820 4528 942 4593; x_wconf 88' lang='lat' dir='ltr'><strong>quinque</strong></span> <span class='ocrx_word' id='word_1_325' title='bbox 964 4532 1026 4595; x_wconf 87' lang='lat' dir='ltr'><strong>post</strong></span> <span class='ocrx_word' id='word_1_326' title='bbox 1045 4527 1135 4589; x_wconf 88' lang='lat' dir='ltr'><strong>annis,</strong></span> <span class='ocrx_word' id='word_1_327' title='bbox 1156 4538 1211 4577; x_wconf 93' lang='lat' dir='ltr'><strong>non</strong></span> <span class='ocrx_word' id='word_1_328' title='bbox 1233 4539 1250 4577; x_wconf 86' lang='lat' dir='ltr'><strong>a</strong></span> <span class='ocrx_word' id='word_1_329' title='bbox 1272 4525 1397 4578; x_wconf 84' lang='lat' dir='ltr'><strong>Johanne</strong></span> 
     </span>
     <span class='ocr_line' id='line_1_41' title="bbox 190 4603 1393 4676; baseline -0.003 -18"><span class='ocrx_word' id='word_1_330' title='bbox 190 4603 288 4669; x_wconf 86' lang='lat' dir='ltr'><strong>Wolle,</strong></span> <span class='ocrx_word' id='word_1_331' title='bbox 298 4606 345 4657; x_wconf 85' lang='lat' dir='ltr'><strong>sed</strong></span> <span class='ocrx_word' id='word_1_332' title='bbox 356 4607 392 4658; x_wconf 81' lang='lat' dir='ltr'><strong>ab</strong></span> <span class='ocrx_word' id='word_1_333' title='bbox 404 4607 507 4659; x_wconf 71' lang='lat' dir='ltr'><strong>adamo</strong></span> <span class='ocrx_word' id='word_1_334' title='bbox 521 4608 599 4674; x_wconf 86' lang='lat' dir='ltr'><strong>lslipe</strong></span> <span class='ocrx_word' id='word_1_335' title='bbox 612 4608 706 4673; x_wconf 81' lang='lat' dir='ltr'><strong>(Adam</strong></span> <span class='ocrx_word' id='word_1_336' title='bbox 722 4608 793 4676; x_wconf 87' lang='lat' dir='ltr'><strong>lslip)</strong></span> <span class='ocrx_word' id='word_1_337' title='bbox 811 4612 838 4660; x_wconf 88' lang='lat' dir='ltr'><strong>et</strong></span> <span class='ocrx_word' id='word_1_338' title='bbox 851 4609 886 4660; x_wconf 87' lang='lat' dir='ltr'><strong>ab</strong></span> <span class='ocrx_word' id='word_1_339' title='bbox 898 4608 1022 4660; x_wconf 85' lang='lat' dir='ltr'><strong>Eduardo</strong></span> <span class='ocrx_word' id='word_1_340' title='bbox 1039 4608 1136 4660; x_wconf 88' lang='lat' dir='ltr'><strong>Blunto</strong></span> <span class='ocrx_word' id='word_1_341' title='bbox 1151 4606 1270 4671; x_wconf 82' lang='lat' dir='ltr'><strong>(Eduard</strong></span> <span class='ocrx_word' id='word_1_342' title='bbox 1290 4604 1393 4668; x_wconf 88' lang='lat' dir='ltr'><strong>Blunt).</strong></span> 
     </span>
    </p>
   </div>
   <div class='ocr_carea' id='block_1_7' title="bbox 0 0 1597 5474">
    <p class='ocr_par' dir='ltr' id='par_1_8' title="bbox 0 0 1597 5474">
     <span class='ocr_line' id='line_1_42' title="bbox 0 0 1597 5474; baseline 0 0"><span class='ocrx_word' id='word_1_343' title='bbox 0 0 1597 5474; x_wconf 95' lang='lat' dir='ltr'><strong> </strong></span> 
     </span>
    </p>
   </div>
  </div>
 </body>
</html>
