3120 5474
693 581 799 647 Nota
820 582 848 645 c

713 770 743 831 p.
760 746 829 810 128.

417 917 467 979 De
483 914 627 979 uersibus
642 935 706 978 non
724 913 877 978 similiter
895 911 1127 977 desinentibus.

207 1067 254 1127 De
264 1062 409 1126 versibus
424 1080 490 1126 non
505 1062 652 1125 similiter
666 1061 885 1125 desinentibus
896 1061 1031 1143 agendo,
1043 1062 1191 1124 consulto
1205 1081 1242 1123 ea
1253 1081 1318 1142 quae
1328 1059 1358 1122 ai

166 1181 319 1225 versuum
335 1163 422 1244 leges
436 1170 467 1224 et
481 1161 674 1224 mutationes
690 1161 850 1243 pertinent
864 1160 970 1221 omisi.
988 1160 1117 1240 Majoris
1132 1160 1282 1221 momenti
1300 1168 1359 1221 sunt

167 1268 198 1323 et
213 1258 362 1343 ponderis
376 1278 472 1340 quam
488 1267 523 1320 ut
537 1257 637 1321 obiter
651 1266 837 1330 tractentur,
849 1268 879 1319 et
894 1278 944 1319 me
960 1257 1182 1319 abstraherent
1196 1266 1284 1320 extra
1295 1259 1362 1318 fines

128 1416 132 1424 .
167 1376 248 1438 quos
280 1356 358 1418 mihi
386 1356 557 1428 constitui,
583 1356 611 1418 si
634 1376 673 1417 ea
696 1356 822 1437 penitus
847 1355 1101 1436 introspicerem.
1129 1355 1286 1417 Caeterum
1311 1363 1364 1416 tam

167 1462 318 1537 peracuta
331 1463 407 1517 sunt
422 1464 457 1516 ut
474 1453 588 1517 litteris
607 1454 748 1516 eruditos
768 1462 798 1516 et
814 1453 948 1535 judices,
969 1454 1050 1535 apud
1070 1454 1259 1526 Britannos,
1278 1453 1367 1516 adhue

167 1553 201 1615 iu
227 1552 333 1616 studia
355 1551 515 1625 diducant,
540 1560 571 1614 et
594 1552 673 1614 mihi
699 1560 820 1614 tantum
846 1570 911 1614 non
935 1571 1028 1614 sumo
1056 1555 1091 1614 ut
1111 1553 1368 1624 controversiam,

167 1658 266 1733 quim
282 1651 304 1712 ii
320 1650 414 1713 etiam
431 1670 518 1714 nunc
532 1650 570 1712 de
588 1670 622 1712 re
637 1658 767 1723 certent,
784 1650 943 1712 dirimam.
961 1651 1043 1712 Rem
1058 1660 1166 1713 tamen
1181 1668 1247 1712 non
1266 1658 1371 1732 proete-

169 1749 237 1812 ribo
264 1757 360 1811 totam
385 1755 415 1810 et
438 1747 605 1810 ostendam
632 1747 747 1829 quibus
771 1747 953 1830 propositis,
978 1749 1012 1809 in
1037 1747 1166 1810 dubium
1192 1749 1322 1821 vocatis,
1343 1748 1373 1810 in

168 1847 428 1929 disceptationem
443 1846 543 1909 cadat.
560 1849 577 1909 J
580 1847 708 1928 ungium
724 1845 892 1909 istomodo
907 1846 1087 1927 expositum
1107 1844 1202 1908 suita
1222 1845 1374 1928 Symonde

171 1942 354 2026 (Symondsl
370 1951 400 2005 et
415 1952 500 2006 recto
514 1944 676 2025 liberoque
690 1944 799 2006 animo
813 1952 1037 2026 expromptum
1047 1942 1147 2006 fuisse
1159 1945 1237 2007 mihi
1247 1945 1375 2007 videtur.

210 2042 380 2117 Marlovio,
398 2042 502 2123 inquit
519 2042 709 2122 Symondes‚
725 2050 790 2104 tres
807 2042 982 2104 tribuendae
997 2050 1072 2104 sunt
1096 2042 1218 2105 laudes.
1245 2044 1379 2124 Prospe-

170 2160 239 2203 ram
255 2140 426 2223 praesensit
442 2137 602 2202 fortunam
619 2160 713 2221 quam
729 2139 842 2201 drama
860 2157 991 2213 novum,
1015 2140 1119 2202 adhue
1142 2140 1330 2203 inchoatum
1347 2159 1381 2202 ac

171 2238 260 2314 rude,
285 2246 532 2301 consecuturum
558 2246 636 2300 erat.
654 2237 814 2299 intellexit
833 2257 960 2299 versum
980 2255 1045 2298 nou
1070 2237 1218 2300 similiter
1238 2238 1382 2301 desinen-

170 2345 233 2399 tem
249 2355 361 2398 verum
378 2354 460 2409 esse,
478 2335 561 2417 apud
581 2336 769 2410 Britannos,
796 2335 957 2397 scenicum
979 2344 1136 2411 metrum;
1161 2344 1192 2397 et
1214 2345 1383 2418 utrumque

170 2435 369 2514 inexpectato
398 2442 527 2503 conatu,
553 2432 591 2495 ad
619 2432 748 2513 fastigia
776 2433 905 2494 sustulit
932 2453 1004 2514 quoe
1031 2432 1173 2494 nondum
1202 2434 1381 2515 attigerant.

171 2534 291 2595 Drama
306 2549 424 2593 novum
444 2528 629 2593 informavit
651 2530 775 2593 duobus
796 2531 973 2608 elementis,
998 2530 1170 2593 fluentibus
1194 2551 1211 2593 e
1235 2532 1386 2595 diversis-

171 2629 263 2692 simis
278 2627 427 2691 lontibus.
445 2630 514 2691 Hoc
528 2629 614 2691 enim
628 2648 731 2710 genus
746 2628 785 2690 ad
801 2629 888 2710 vulgi
908 2648 1040 2691 sensum
1059 2629 1336 2692 accommodatum
1359 2640 1388 2693 et

171 2728 331 2809 praecipue
358 2727 598 2806 Britannicum,
623 2726 727 2789 forma
758 2727 861 2789 induit
894 2746 1007 2789 versus
1032 2745 1097 2789 non
1130 2727 1280 2791 similiter
1304 2730 1388 2792 desi-

171 2826 289 2899 nentis,
305 2825 400 2887 idest
415 2845 489 2888 rara
500 2825 684 2907 insignique
699 2834 798 2900 veste,
814 2825 869 2887 illo
884 2826 970 2887 enim
985 2844 1081 2888 versu
1097 2823 1162 2887 iere
1177 2827 1238 2887 soli
1254 2828 1389 2891 uteban-

172 2932 223 2987 tur
237 2923 349 2986 litteris
365 2923 478 2985 eruditi
494 2924 547 3004 qui
561 2943 669 3004 graeca
683 2924 843 3004 latinaque
858 2924 1073 3005 sequebantur
1088 2927 1246 3005 exempla.

211 3022 260 3085 Ab
283 3023 323 3084 iis
348 3030 453 3085 autem
479 3041 608 3084 versum
632 3040 696 3083 non
716 3022 863 3083 similiter
881 3022 1078 3084 desinentem
1103 3023 1273 3098 sumend0,
1299 3025 1393 3089 illum

172 3120 299 3203 penitus
316 3120 459 3199 mutavit,
475 3128 583 3183 ettam
599 3119 741 3182 absolute
760 3121 936 3193 renovavit,
959 3124 994 3181 ut
1018 3121 1073 3182 vix
1097 3121 1187 3182 illum
1214 3141 1391 3202 agnoscas.

174 3221 285 3281 Solum
300 3226 331 3280 et
345 3218 438 3298 quasi
449 3216 690 3280 fundamentum
701 3220 770 3298 ejus
784 3237 848 3280 non
860 3238 876 3280 e
889 3238 1036 3298 numero,
1051 3217 1106 3280 sed
1121 3239 1138 3281 e
1151 3238 1233 3282 sono
1249 3219 1394 3300 (accersi)

173 3316 273 3394 duxit,
301 3324 331 3379 et
354 3316 436 3378 mira
464 3315 522 3378 tuit
545 3316 699 3390 inventio,
716 3316 818 3397 inquit
833 3317 1022 3396 Symondes‚
1045 3335 1145 3379 sonus
1165 3318 1253 3380 enim
1279 3339 1396 3384 vocem

173 3435 230 3496 per
253 3416 390 3495 majores
414 3415 525 3477 attollit
547 3415 677 3495 gradus,
703 3415 736 3476 in
760 3415 956 3477 Britannicis
978 3415 1154 3493 vocabulis,
1179 3437 1277 3496 quam
1303 3421 1395 3483 vocis

173 3511 400 3575 declinationes
417 3533 490 3594 quae
511 3512 595 3575 inter
613 3514 726 3594 longas
745 3520 775 3574 et
794 3512 906 3574 breves
926 3513 1064 3593 syllabas
1083 3522 1243 3577 constant.
1264 3517 1396 3581 Versus

172 3609 270 3692 igitur
295 3610 526 3673 modulationes
555 3610 690 3674 validius
719 3618 807 3673 notat
835 3618 865 3672 ot
893 3613 1012 3692 majore
1041 3612 1192 3674 varietate
1222 3612 1397 3696 distinguit

173 3728 269 3790 quam
286 3727 451 3771 numerus.

215 3808 310 3868 «The
325 3806 428 3887 single
442 3805 517 3882 line,
534 3825 571 3869 or
585 3806 665 3887 unit,
681 3806 785 3889 inquit
802 3808 973 3889 Symonds,
986 3808 1018 3869 in
1036 3807 1164 3870 ablank
1174 3827 1268 3871 verse
1280 3811 1397 3891 period

173 3904 202 3966 is
217 3924 236 3966 a
250 3904 314 3967 line
329 3903 363 3967 of
372 3907 530 3985 normally
545 3907 607 3967 five
620 3915 760 3978 nocente,
782 3905 816 3969 ol
832 3907 938 3970 which
960 3908 1010 3968 the
1033 3898 1109 3968 fi'nal
1134 3915 1245 3968 aecent
1259 3906 1335 3971 falls
1350 3929 1397 3972 on

175 4004 226 4066 the
241 4005 302 4066 last
315 4002 457 4083 syllable,
473 4022 521 4083 or,
537 4002 563 4065 ii
573 4005 640 4067 that
649 4005 779 4085 syllable
791 4005 829 4067 be
844 4013 899 4067 not
913 4005 1072 4085 definitely
1087 4004 1250 4078 accented‚
1266 4006 1297 4068 is
1313 4027 1397 4090 sup-

173 4102 256 4183 plied
270 4102 310 4183 by
324 4102 376 4165 the
390 4103 516 4184 closing
530 4121 629 4184 pause
647 4101 667 4163 ¹.
685 4106 713 4165 lt
727 4104 865 4166 consiste
880 4103 1069 4185 frequently,
1086 4103 1141 4165 but
1155 4103 1196 4184 by
1213 4123 1256 4167 no
1276 4125 1396 4171 means

206 4314 212 4350 ³
230 4315 265 4365 As
277 4314 323 4365 the
338 4313 466 4365 terminal
479 4314 593 4379 syllable
612 4314 640 4364 in
654 4315 700 4366 the
721 4316 844 4367 classical
864 4319 965 4368 metros
982 4329 1043 4380 may
1061 4315 1175 4379 belong
1198 4329 1230 4366 or
1252 4317 1342 4379 short,
1362 4333 1395 4371 so

173 4394 220 4444 the
235 4394 363 4444 terminal
377 4394 487 4458 syllahle
502 4394 529 4445 in
544 4394 627 4445 blank
642 4409 719 4446 verse
733 4410 794 4461 may
811 4398 844 4447 be
858 4397 989 4448 aecented
1005 4410 1037 4446 or
1053 4395 1233 4457 unaccented,
1252 4396 1301 4447 the
1318 4399 1395 4450 close

174 4475 203 4526 ot
212 4474 258 4525 the
271 4488 348 4527 verse
360 4475 496 4541 suisscing.
510 4476 657 4542 Sophocles
671 4477 753 4527 enda
769 4476 832 4537 line,
848 4489 871 4526 e.
887 4491 912 4540 g.
929 4476 994 4526 with
1012 4473 1125 4528 ἐλαύνετε
1142 4476 1197 4525 and
1218 4475 1394 4543 Shakespere

174 4567 226 4606 one
240 4554 304 4604 with
317 4555 443 4618 eloertty.
458 4555 524 4608 This
540 4555 713 4608 observation
734 4556 823 4621 might
843 4558 903 4608 lead
924 4560 952 4607 to
973 4555 1080 4608 further
1094 4555 1218 4606 remarks
1230 4569 1306 4620 upon
1318 4557 1394 4610 what

174 4634 298 4699 quantity
319 4635 373 4686 and
396 4640 493 4688 aecent
510 4636 580 4689 have
597 4635 626 4686 in
643 4648 780 4699 common,
798 4636 949 4702 metrically
966 4635 1118 4702 speaking3
1140 4636 1191 4686 but
1208 4634 1256 4686 the
1279 4635 1394 4704 inquiry

173 4714 261 4767 would
274 4714 307 4767 be
322 4719 366 4768 too
383 4715 453 4781 long.
