3120 5474
699 408 856 471 ..45-

164 580 292 649 tesimo
308 581 519 668 octogesimo
538 581 645 660 sexto,
663 580 1043 665 aliquanto'antequam
1061 580 1191 648 artium
1214 579 1380 667 magister

164 686 275 767 lieret,
313 707 331 755 e
359 688 701 774 Cantabrigienslbus
734 687 881 754 Athenis
906 688 944 754 in
967 687 1089 754 urbem
1112 687 1381 755 Londiniensem

164 794 395 883 demigrasse,
418 798 456 862 ut
478 795 515 862 in
534 813 672 862 scenam
696 796 939 861 Tamerlanum
963 795 1152 863 induceret.
1178 795 1321 862 Audens
1348 795 1381 860 et

166 901 253 968 levis
283 903 423 969 animus
447 902 521 988 ejus
544 901 738 988 praesertim
762 920 826 968 nec
849 904 943 968 tanta
966 903 1161 987 prudentia,
1194 920 1258 969 nec
1286 903 1381 967 tanta

165 1011 361 1078 constantia
389 1010 554 1095 praeditus
577 1012 662 1089 erat,
689 1011 727 1075 ut
751 1009 1049 1097 cantabrigienses
1076 1009 1230 1076 Athenas
1253 1007 1382 1074 rediret

165 1135 204 1182 ea
225 1120 343 1182 mente
358 1119 396 1182 ul
415 1116 575 1205 magistri
597 1115 776 1183 scientiam
796 1135 896 1182 suam
919 1117 1170 1202 perpenderent
1196 1117 1381 1201 postquam

164 1224 411 1290 Tamerlanum
430 1223 576 1290 feliciter
598 1223 635 1289 in
658 1241 797 1289 scenam
817 1223 979 1290 dedisset.
1005 1223 1234 1305 Quamobrem
1258 1225 1381 1289 caetero

165 1329 201 1396 iu
231 1330 533 1417 Cantabrigienses
562 1330 697 1398 scholas
732 1329 892 1396 rediisset
927 1348 1036 1416 quum
1065 1329 1114 1396 ibi
1143 1348 1283 1397 manere
1311 1346 1381 1395 non

165 1434 360 1523 cogitaret?
388 1439 490 1504 Artes
514 1437 606 1503 enim
631 1439 664 1503 et
689 1438 803 1504 studia
827 1437 999 1523 jamtum
1028 1437 1227 1504 deseruerat
1253 1436 1380 1522 quibus

165 1545 330 1612 accedere
344 1544 512 1630 potuisset
525 1545 569 1611 ad
585 1545 653 1611 duo
668 1543 780 1612 officia
796 1545 924 1612 artium
939 1545 1108 1635 magistro
1123 1547 1251 1628 aperta,
1269 1544 1328 1610 sed
1348 1543 1379 1609 ei

166 1651 225 1736 qui
242 1650 378 1718 fabulas
393 1651 535 1718 docebat
549 1651 743 1731 interdicta,
756 1670 834 1736 quae
850 1650 959 1718 officia
971 1655 1068 1717 erant
1078 1650 1308 1718 sacerdotium
1324 1649 1379 1717 cui

165 1759 292 1844 primo,
312 1762 350 1824 ut
368 1759 557 1825 verisimile
577 1762 641 1839 est,
658 1759 816 1826 addictos
836 1757 948 1825 suerat
967 1762 1000 1824 et
1015 1757 1184 1843 juvenum
1204 1758 1330 1834 cultus,
1348 1759 1382 1822 et

166 1865 197 1930 ei
227 1865 323 1930 nulla
348 1864 383 1930 in
410 1865 536 1931 scholis
560 1865 724 1932 manendi
753 1864 898 1932 facultas
922 1865 1142 1946 cratonum
1166 1863 1270 1930 eliam
1292 1862 1382 1929 nihil

165 1971 261 2037 aliud
278 1972 423 2057 egisset,
441 1973 509 2038 nisi
525 1971 678 2039 fabulam
694 1990 793 2039 suam
809 1972 1018 2039 Londinium
1034 1972 1201 2049 mitteret,
1220 1988 1381 2056 prospera

164 2077 271 2162 hujus
287 2077 439 2158 fortuna,
461 2098 538 2165 quae
553 2098 649 2165 spem
670 2098 770 2147 suam
785 2080 977 2164 superavit,
999 2078 1036 2146 in
1055 2080 1144 2145 hanc
1162 2078 1284 2144 urbem
1307 2078 1382 2144 sine

165 2185 273 2252 dubio
303 2188 469 2252 attractus
498 2185 619 2253 luisset
649 2189 683 2253 et
710 2187 804 2253 inea
833 2186 1030 2253 mansisset.
1056 2186 1198 2267 Quando
1226 2185 1379 2264 tandem,

165 2311 274 2375 quum
297 2311 334 2358 se
351 2293 538 2360 instrueret
562 2294 604 2360 ad
625 2292 798 2379 judicium
822 2295 1001 2361 doctorum
1030 2313 1049 2358 a
1078 2293 1204 2378 quibus
1237 2292 1381 2359 allectus

166 2399 231 2466 suit
251 2401 343 2466 inter
362 2401 559 2487 magistros,
576 2400 800 2486 posteriorem
821 2401 1016 2487 scripsisset
1033 2401 1227 2468 Tamerlani
1248 2405 1380 2485 partem

166 2527 256 2592 quae,
284 2512 323 2574 ut
342 2507 488 2574 ulterius
507 2508 700 2586 ostendam,
726 2509 881 2575 nondum
905 2509 1031 2594 litteris
1050 2509 1263 2596 consignata,
1281 2510 1381 2592 paulo

166 2619 256 2700 post,
273 2615 343 2680 nisi
363 2633 423 2699 per
437 2615 538 2681 ludos
552 2614 678 2699 prioris
693 2616 883 2701 composita
898 2613 990 2683 fuit?

211 2722 250 2789 Id
271 2723 393 2788 saltem
408 2721 549 2807 propius
564 2725 616 2786 est
630 2721 747 2803 fidem,
760 2740 839 2788 eum
851 2722 964 2807 primo
979 2741 1078 2789 suam
1093 2721 1273 2807 scripsisse
1284 2721 1381 2789 sabu-

166 2831 237 2897 lam
252 2829 451 2913 artiumque
461 2827 591 2894 facturn
602 2827 709 2894 luisse
720 2829 942 2915 magistrum,
955 2833 988 2896 et
1002 2830 1138 2909 deinde,
1152 2829 1280 2895 omisso
1291 2830 1381 2896 litte-

166 2954 288 3003 rarum
302 2936 586 3003 scholasticarum
602 2936 729 3015 studio,
747 2936 838 3021 quod
854 2937 1041 3022 cupiditate
1057 2935 1231 3004 scribendi
1248 2935 1382 3003 fabulas

166 3043 342 3131 flagraret,
361 3042 464 3109 rebus
480 3043 627 3111 scenicis
639 3043 856 3128 implicatum
871 3042 991 3111 fuisse.
1009 3045 1059 3110 lta
1074 3046 1198 3129 praeter
1208 3044 1280 3110 haec
1290 3043 1383 3110 Nash

166 3150 272 3218 verba
296 3169 359 3216 sua
382 3149 608 3231 continuavit,
630 3153 669 3216 ut
693 3151 757 3217 hoo
779 3168 820 3216 ex
839 3151 1008 3217 sententia
1033 3168 1095 3216 sua
1119 3149 1235 3237 colligi
1260 3150 1379 3234 possit,

165 3257 384 3336 Marlovium,
408 3275 447 3323 eo
470 3261 624 3343 tempore
648 3277 715 3342 quo
740 3257 855 3324 fabula
880 3277 941 3324 sua
965 3256 1070 3324 suerit
1090 3262 1177 3337 acta,
1195 3256 1267 3342 jam
1292 3257 1382 3324 inter

167 3365 298 3431 artium
331 3364 518 3451 magistros
556 3364 718 3433 allectum
751 3364 870 3432 fuisse.
911 3367 991 3434 Haec
1022 3365 1166 3451 adjicit,
1199 3368 1381 3452 postquam

168 3472 384 3540 scenicorum
400 3471 635 3559 arrogantiam
650 3472 760 3539 irrisit
775 3493 784 3538 z

210 3620 306 3682 ‹But
328 3619 441 3682 herein
461 3623 607 3684 lcaunot
625 3640 662 3684 so
680 3619 759 3703 fully
781 3622 939 3703 boqueath
960 3622 1046 3685 them
1069 3630 1101 3685 to
1125 3621 1215 3703 solly‚
1240 3641 1277 3684 as
1300 3621 1382 3684 their

169 3716 244 3780 idiot
263 3723 486 3797 ort-masters,
520 3720 587 3782 that
609 3721 735 3782 intrude
758 3720 949 3783 themselves
974 3735 1005 3783 to
1029 3739 1089 3783 our
1111 3740 1183 3783 ears
1207 3740 1243 3782 as
1263 3721 1315 3782 the
1338 3722 1383 3780 al·

170 3816 323 3897 chymists
338 3816 373 3878 of
384 3819 568 3898 eloquence,
593 3819 667 3881 who
692 3818 858 3896 (mounled
879 3840 921 3882 on
944 3821 997 3882 the
1020 3828 1110 3900 stage
1134 3818 1168 3882 of
1179 3815 1379 3899 arrogance),

170 3915 260 3977 think
275 3924 306 3978 to
322 3916 475 3979 outbrave
485 3917 586 3980 better
599 3938 679 3999 pens
693 3919 773 3981 with
787 3919 839 3981 the
854 3918 1002 4000 swelling
1015 3918 1161 3982 bombast
1175 3917 1209 3981 of
1224 3917 1383 4000 bragging

168 4012 263 4076 blank
278 4034 371 4078 verse
383 4013 404 4075 ¹.
421 4040 435 4071 ι

211 4151 405 4236 Utcumque
441 4170 477 4218 se
504 4171 560 4219 res
580 4151 714 4234 babeat,
740 4171 808 4218 non
831 4152 977 4220 dubium
1014 4155 1066 4220 est
1089 4152 1173 4239 quin
1197 4153 1383 4220 Marlovius

167 4259 209 4326 ab
224 4277 316 4326 anno
345 4259 383 4324 P.
405 4260 440 4325 C.
466 4261 507 4326 N.
537 4259 724 4327 millesimo
748 4261 1025 4348 quingentesimo
1043 4260 1253 4348 octogesimo
1279 4262 1382 4346 septi-

166 4385 223 4433 mo
251 4365 515 4455 (manusque
554 4367 596 4434 ad
632 4385 763 4434 annum
803 4367 1029 4434 millesimum
1061 4368 1381 4455 quingentesimum

165 4474 434 4564 nonagesimum
449 4476 591 4543 tertium
606 4474 718 4563 (1593)
735 4495 803 4561 quo
826 4495 920 4542 mors
939 4496 1001 4543 sua
1020 4475 1162 4554 accidit,
1181 4475 1380 4541 continuam

166 4602 278 4651 scenae
308 4582 507 4650 adhibuerit
532 4602 652 4652 curam
672 4585 705 4651 et
724 4585 883 4652 Londinii
912 4583 1130 4653 habitaverit.
1155 4583 1380 4668 Temporibus

194 4786 203 4822 ¹
220 4785 316 4850 Payne
332 4780 441 4845 Collier,
454 4781 503 4833 loc.
516 4781 562 4832 cit.
577 4781 630 4833 vol.
643 4781 674 4845 ll,
687 4795 734 4848 pp.
750 4781 830 4834 loo-9.
