3120 5474
689 416 807 502 -na
828 451 867 462 -

165 588 252 655 lium
268 586 432 674 inJectam
443 587 566 655 fuisse.
579 587 617 654 >Si
634 587 720 655 liber
735 589 772 655 in
788 607 913 656 manus
928 584 1002 674 ejus
1017 586 1150 667 incidit,
1168 588 1262 657 locus
1276 587 1380 674 hujus

165 694 259 763 m'odi
274 699 349 762 erat
368 695 407 761 ut
419 694 492 762 vim
507 693 582 780 ejus
602 695 718 762 animo
737 695 891 782 fingerstli
907 695 1069 762 excitaret
1084 715 1233 782 eumque
1257 696 1379 781 impel-

164 805 251 871 leret
265 806 308 872 ad
324 823 399 871 rem
414 804 705 892 investigandam,
721 822 789 889 qua
804 803 1038 890 indagatione,
1055 807 1094 871 ut
1107 803 1298 872 verisimile
1313 806 1377 884 est,

164 911 329 979 inductus
344 910 449 979 fuerit
463 913 507 979 ad
526 911 645 978 Mexiae
660 910 912 996 Perondinique
927 910 1035 977 libros
1050 910 1289 980 inveniendos.

209 1022 405 1107 Utcumque
425 1041 461 1089 se
479 1041 534 1089 res
552 1021 692 1100 habeat,
714 1020 801 1086 mihi
820 1005 958 1087 necesse
977 1020 1114 1088 videtur
1133 1019 1272 1086 Thomae
1295 1018 1383 1084 Neu-

163 1127 257 1194 tonis
272 1128 361 1195 liber
374 1126 526 1195 fontibus
541 1147 560 1194 e
575 1127 701 1213 quibus
716 1127 870 1193 Marlovii
885 1126 999 1193 fabula
1014 1127 1138 1195 cecidit
1152 1125 1379 1194 adscribatur.

164 1235 201 1301 Si
225 1236 384 1321 Philippo
407 1235 492 1303 fides
508 1239 530 1316 ¹,
555 1237 651 1303 locus
674 1235 734 1319 qui
762 1234 968 1319 respicitad
990 1235 1235 1303 Tamerlanum
1254 1235 1380 1302 acriter

164 1345 301 1410 mentes
316 1343 503 1429 aequalium
518 1345 618 1410 aetate
635 1345 801 1409 moverat.

209 1505 222 1535 ‹
241 1482 373 1563 Phillips
386 1481 518 1560 (Theatr
533 1482 617 1543 Poet.
630 1478 720 1561 lora)
735 1482 770 1544 in
783 1482 834 1544 his
850 1483 937 1545 loose
947 1503 1030 1564 way,
1046 1483 1151 1566 inquit
1165 1484 1292 1565 Paynus
1308 1484 1379 1546 Col-

165 1581 266 1643 lierus
280 1578 304 1654 ²,
328 1589 448 1643 asserts
472 1582 539 1642 that
559 1581 698 1642 Newton
722 1597 791 1642 was
817 1581 870 1642 the
894 1582 1008 1644 author
1031 1581 1065 1643 of
1085 1584 1174 1645 three
1196 1583 1379 1662 'tragedias

165 1677 330 1755 naming«
345 1677 482 1740 Thebais
500 1702 512 1731 a
531 1677 593 1740 and
611 1700 627 1733 t<
642 1679 695 1740 the
714 1680 784 1740 first
802 1677 864 1739 and
885 1679 1002 1741 second
1020 1679 1156 1761 parisos
1176 1684 1377 1755 Tamerlane‚

165 1778 219 1838 the
241 1784 329 1854 great
353 1776 505 1856 Scythian
524 1778 691 1858 Emperor,
716 1799 730 1830 n
756 1796 776 1838 a
800 1782 969 1838 statement
990 1778 1114 1852 which,
1138 1781 1255 1857 though
1279 1780 1381 1842 mani-

165 1874 259 1956 sestly
272 1875 441 1953 innormat,
454 1876 506 1936 Sir
520 1877 658 1953 Egerton
673 1873 816 1954 Brydges
830 1873 881 1935 did
897 1882 951 1937 not
963 1876 1137 1939 contradict
1150 1878 1185 1939 in
1199 1879 1252 1939 the
1263 1878 1381 1941 edition
1480 1904 1483 1908 ¹

164 1974 206 2035 he
220 1973 346 2056 printed
361 1980 393 2034 at
413 1972 610 2051 Canterbury
628 1972 662 2033 in
681 1971 798 2033 1800...
818 1973 959 2054 Phillip’s
976 1973 1128 2036 confused
1148 1976 1258 2038 notion
1274 1995 1316 2038 on
1330 1977 1382 2039 tha

163 2076 256 2159 point
280 2082 366 2137 must
387 2075 468 2136 have
492 2074 600 2136 arisen
623 2072 705 2135 from
725 2073 842 2151 having
865 2071 944 2135 been
967 2070 1139 2148 informed,
1163 2075 1229 2136 that
1252 2074 1381 2137 Nenton

164 2174 228 2236 had
243 2173 359 2235 writen
374 2172 554 2250 something
568 2170 733 2249 regarding
747 2172 815 2233 that
826 2172 915 2232 hero.
935 2194 948 2224 ι

211 2323 237 2388 E
251 2320 440 2408 posteriore
455 2318 602 2386 fontium
618 2319 690 2406 qui,
709 2321 747 2386 ut
760 2317 891 2404 opinor,
909 2319 1063 2386 nondum
1074 2318 1216 2389 indicati
1227 2321 1378 2402 inerunt,

164 2428 352 2498 Marlovius
366 2445 492 2513 paucos
509 2427 657 2512 sumpsit
671 2445 784 2494 casus.
803 2427 969 2493 Fabulam
984 2431 1099 2495 autern
1122 2449 1221 2498 suam
1244 2431 1382 2517 penitus

165 2536 294 2604 imbuit
309 2534 469 2601 sensibus
484 2535 518 2600 et
536 2533 672 2601 dicendi
688 2533 798 2600 forma
816 2533 942 2619 quibus
962 2534 1026 2601 hoo
1049 2553 1136 2621 opus
1158 2538 1296 2626 insigne
1316 2540 1380 2605 est.

165 2646 262 2728 Quod
278 2663 365 2731 opus
380 2645 417 2710 in
432 2643 521 2711 hanc
537 2646 669 2729 partem
684 2643 771 2710 forte
785 2644 863 2729 plus
879 2642 999 2712 habuit
1013 2645 1179 2711 momenti
1195 2663 1299 2730 quam
1314 2645 1382 2712 alia
1466 2731 1468 2734 Α

165 2752 321 2820 Marlovii
354 2750 575 2837 exemplaria.
606 2751 764 2818 Primum
790 2749 942 2817 fabulam
968 2752 1093 2819 docens
1117 2753 1210 2819 etin
1242 2771 1382 2819 scenam

165 2859 336 2927 inducens
351 2876 533 2944 personam
549 2856 648 2945 cujus
663 2857 772 2925 iatum
787 2861 821 2924 et
839 2877 920 2944 opes
940 2877 1042 2944 supra
1067 2859 1262 2926 humanum
1285 2859 1382 2927 fasti-

167 2967 266 3054 gium
281 2967 370 3032 elata
385 2965 533 3045 fuerant,
552 2965 748 3047 Memorium
766 2983 875 3050 quum
890 2966 1034 3034 tentavit
1049 2969 1087 3033 ut
1101 2966 1176 3052 ejus
1191 2951 1382 3035 orationem

167 3073 358 3161 effingeret,
376 3073 530 3158 exempla
547 3072 621 3138 sine
635 3071 740 3138 dubio
751 3071 911 3156 quaesivit
924 3072 966 3138 ad
980 3072 1201 3141 imitandum.
1215 3074 1383 3159 Nequibat

166 3180 358 3267 imaginem
375 3179 440 3246 sibi
460 3197 648 3264 proponere
672 3177 808 3264 plenius
832 3179 875 3246 ad
899 3178 1042 3246 consilia
1063 3199 1125 3247 sua
1143 3182 1380 3248 accommoda-

165 3291 237 3355 tam
263 3292 297 3354 et
321 3286 537 3354 blandiorem
560 3305 665 3372 quam
690 3285 810 3352 heroes
833 3285 1029 3354 fabularum
1057 3287 1380 3356 commenticiarum

165 3413 245 3480 quae
270 3413 326 3462 res
349 3394 393 3461 ab
420 3393 595 3480 equitibus
619 3391 836 3481 (chevaliers)
864 3397 979 3481 gestas
1006 3396 1160 3462 narrant.
1186 3395 1382 3462 Tamerlani

165 3504 255 3581 vita,
271 3502 309 3568 in
323 3500 531 3586 quibusdam
549 3502 725 3587 partibus,
746 3500 870 3566 referta
889 3500 955 3567 init
972 3501 1075 3568 rebus
1093 3505 1165 3569 tam
1188 3501 1382 3569 inconsulte

166 3609 276 3698 gestis
295 3627 401 3696 quarn
418 3608 681 3694 praeclarissima
702 3607 853 3675 facinora
867 3609 1058 3676 errantium
1074 3609 1247 3694 equitum,
1264 3612 1297 3677 et
1316 3609 1382 3675 im·

164 3717 304 3804 perium
326 3716 369 3783 ab
388 3717 447 3784 illo
471 3716 648 3784 conditum
668 3733 737 3781 non
767 3715 876 3782 multo
905 3715 1064 3783 stabilius
1092 3720 1126 3783 et
1153 3716 1289 3785 firmius
1317 3716 1383 3784 fuit

165 3843 274 3910 quam
288 3823 367 3891 licta
386 3842 492 3912 regna
514 3823 638 3891 horum
658 3822 765 3889 armis
788 3825 897 3908 parta.
922 3823 1032 3908 Supra
1060 3822 1158 3891 nisus
1183 3844 1261 3891 sum
1281 3826 1320 3892 ut
1345 3824 1383 3891 in

165 3934 282 3999 lucem
296 3931 469 4017 proferam
484 3931 604 4018 quanti
618 3930 747 3998 fuerint
760 3928 927 3995 momenti
940 3932 1095 4017 exempla
1110 3933 1247 4017 sumpta
1260 3930 1384 3998 elabu-

166 4038 211 4106 lis
226 4039 479 4106 commenticiis
493 4039 649 4126 equitum
668 4039 766 4127 gesta
780 4037 1020 4117 narrantibus,
1042 4057 1151 4123 quum
1173 4039 1296 4106 drama
1314 4038 1383 4105 bri-

199 4230 208 4267 1
224 4226 346 4294 Phillips,
361 4225 473 4281 Edward
489 4227 548 4294 (one
560 4229 590 4281 oi
601 4229 647 4282 the
661 4227 784 4296 nephews
796 4229 825 4282 oi
835 4228 951 4295 llilton).
964 4257 996 4268 -
1009 4229 1155 4282 Theatrum
1177 4229 1332 4291 Poetarum,
1349 4241 1381 4280 or

165 4324 183 4362 a
197 4310 337 4376 Compleat
351 4310 498 4361 collection
511 4311 540 4362 oi
550 4311 595 4363 the
610 4312 697 4366 Poeta.
711 4311 855 4377 especially
868 4311 913 4362 the
925 4315 997 4362 most
1008 4310 1130 4362 eminent
1145 4308 1174 4359 of
1185 4308 1222 4360 all
1232 4308 1310 4372 Ages.
1325 4308 1381 4360 The

165 4390 293 4442 Antients
312 4389 510 4454 distinguished
530 4391 600 4442 from
612 4391 657 4442 the
672 4391 806 4451 illuderis,
816 4391 844 4441 in
858 4391 929 4442 their
938 4391 1043 4442 several
1056 4389 1210 4455 Alphabets.
1219 4388 1296 4441 With
1306 4401 1382 4439 some

156 4469 364 4542 'Observations
375 4470 429 4520 and
441 4470 585 4522 reflexions
601 4484 673 4536 upon
690 4484 771 4535 many
784 4471 812 4521 ol
824 4470 912 4532 them,
930 4470 1106 4537 particularly
1124 4467 1200 4519 those
1217 4468 1246 4518 ol
1258 4481 1310 4518 our
1322 4482 1380 4518 own

167 4549 277 4600 Nation.
293 4548 426 4614 Togetber
437 4549 499 4600 with
511 4563 528 4600 a
541 4550 680 4615 Preiatory
691 4550 832 4602 Discourse
845 4550 875 4602 oi
887 4550 931 4602 the
943 4551 1021 4602 Poeta
1030 4550 1084 4600 and
1097 4549 1193 4612 Poetry
1205 4547 1233 4598 in
1247 4548 1379 4612 generali·

168 4709 487 4857 szhztgibliographical
501 4792 555 4845 and
567 4791 676 4848 critical
690 4795 835 4845 account...
849 4791 902 4845 vol.
915 4791 950 4853 ΙΙ,
965 4805 1009 4857 pp.
1023 4789 1103 4843 anan.

1451 4536 1453 4540 ·
1545 4523 1553 4566 l

168 4629 290 4688 concon.
311 4629 383 4692 lota,
401 4629 490 4693 ill-123
513 4643 580 4682 new.
600 4630 669 4681 nait.
689 4632 723 4695 oy
744 4630 782 4681 sn
804 4631 832 4683 a.
857 4631 982 4695 aryuges.
1004 4629 1075 4692 rnna,
1096 4628 1167 4688 troo,
1191 4627 1253 4680 rear
1275 4627 1326 4694 (w.
1351 4627 1382 4681 c.
1454 4615 1456 4619 ’
