3120 5474
192 144 260 192 rem
291 125 553 211 impellebatur3
576 123 728 210 primum
754 125 893 212 ingenio
909 144 971 190 suo
987 124 1045 210 qui
1063 123 1200 192 assidue
1220 125 1402 193 adsensus

190 234 354 300 sublimes
370 236 403 300 et
418 234 461 299 ad
476 232 809 319 magniloquentiam
825 233 999 299 nitebatur
1016 252 1071 298 res
1091 232 1207 298 animo
1227 237 1260 299 et
1282 233 1316 301 vi
1340 254 1401 302 sua

188 358 237 406 res
260 341 381 407 animo
403 339 558 427 tingendi
582 359 649 425 qua
674 342 836 424 perpetuo
863 342 987 423 praeter
1015 339 1170 406 veritatis
1193 340 1344 426 speciem
1369 351 1403 410 et

186 449 327 514 modum
342 447 598 531 abripiebatur;
616 447 740 513 deinde
756 446 920 512 ineumtis
936 445 1047 512 aetatis
1067 448 1188 514 ardore
1209 452 1242 514 et
1256 469 1400 517 assensu

184 555 301 639 populi
326 554 386 640 qui
417 557 498 619 tunc
525 554 597 620 haec
626 553 808 620 ambitiosa
833 555 1034 619 ornamenta
1065 554 1168 620 stulte
1195 555 1399 625 mirabatur.

183 661 302 728 Gallus
321 661 465 727 rtmadis
485 661 609 748 viginti
631 661 730 725 annis
750 663 829 725 ante
850 659 885 724 in
905 659 1136 726 britannicam
1155 661 1311 749 linguam
1332 662 1401 748 pri-

181 786 282 835 mum
300 770 488 834 translatus
503 767 626 843 fuerat,
646 786 663 832 e
693 772 776 833 tunc
791 767 827 832 in
847 767 974 832 honore
993 771 1067 831 erat
1088 769 1178 852 apud
1204 770 1398 837 Britannos.

176 880 228 946 Ea
245 879 363 946 sabula
379 879 617 946 commenticia
629 879 782 964 primum
798 868 986 964 composita
1003 877 1113 944 luerat
1129 896 1148 943 a
1164 877 1328 944 Lusitano
1344 878 1400 944 cui

174 1004 309 1053 nomen
324 987 432 1053 Vasco
455 987 497 1053 de
517 987 671 1053 Loheira.
691 986 818 1052 Primae
838 986 1015 1064 editiones,
1035 986 1178 1070 hispane
1195 984 1346 1069 scriptae,
1363 985 1399 1052 in

174 1095 309 1181 vulgus
326 1094 463 1159 emissae
478 1093 617 1160 fuerunt
642 1111 731 1159 anno
756 1093 941 1159 millesimo
965 1091 1246 1179 quingentesimo
1262 1091 1398 1158 decimo

173 1197 297 1286 (1510)
316 1203 350 1265 11
369 1218 460 1265 1111
483 1200 669 1265 millesimo
693 1199 971 1285 quingentesimo
996 1216 1086 1265 none
1109 1197 1242 1264 decimo
1268 1196 1397 1284 (1519).

171 1307 254 1374 Mox
270 1307 307 1372 in
323 1307 480 1394 linguam
495 1307 655 1392 gallicam
676 1324 881 1373 conversum
907 1304 1033 1391 (1540),
1056 1324 1141 1390 opus
1159 1304 1332 1390 posterius
1360 1305 1396 1370 in

173 1413 412 1480 britannicam
445 1415 650 1480 translatum
667 1412 744 1479 fuit.
771 1413 885 1478 Prima
908 1413 1089 1478 translatio
1109 1412 1145 1478 in
1164 1410 1396 1478 britannicam

176 1521 338 1607 linguam
360 1523 498 1606 sumpta
522 1520 587 1586 suit
610 1539 628 1586 1
652 1520 775 1607 gallica
797 1519 946 1586 editione
965 1537 1071 1604 quam
1092 1520 1252 1586 Nicolaus
1267 1519 1395 1586 Herbe·

179 1627 274 1693 raius
300 1625 453 1712 (Nicolas
476 1625 702 1713 d'Herheray)
728 1626 763 1692 in
787 1626 913 1712 vulgus
933 1626 1062 1691 emisit.
1083 1625 1252 1711 Inscripta
1272 1630 1341 1705 est,
1367 1626 1396 1692 si
1510 1628 1511 1632 ’

157 1829 162 1840 Ι
179 1733 350 1802 Gulielmo
366 1734 481 1799 Carew
497 1733 624 1801 Hazlitt
641 1732 710 1819 (W.
728 1733 843 1800 Carevv
860 1731 999 1818 Hazlitt)
1016 1731 1122 1799 fides¹
1141 1752 1149 1798 :

222 1931 235 1962 a
252 1909 320 1969 The
336 1914 438 1969 moste
453 1908 626 1969 excellente
642 1906 703 1968 and
720 1908 885 1987 pleasaunt
900 1905 1021 1982 Boane,
1039 1906 1210 1969 entituled:
1228 1909 1295 1970 The
1311 1914 1396 1971 trea-

182 2007 267 2068 surie
287 2005 322 2068 ol
339 2006 471 2068 Amadis
487 2004 521 2067 ol
533 2008 679 2067 Fraunce
696 2026 702 2067 :
722 2004 926 2085 Contayning
945 2006 1094 2085 eloquent
1118 2006 1271 2079 orations,
1289 2007 1395 2089 pythia

181 2105 329 2186 EpistleS,
353 2103 481 2166 learned
503 2107 622 2174 letters,
639 2102 784 2184 frequent
800 2104 1038 2184 Complayntes,
1053 2104 1185 2184 sarving
1200 2103 1249 2165 for
1263 2105 1395 2167 suadria

180 2222 347 2285 purposes.
374 2204 441 2264 The
465 2203 678 2265 werthinesse
702 2200 846 2263 whereof
866 2201 929 2287 and
945 2203 1065 2281 'profita
1087 2201 1181 2264 dethe
1205 2222 1341 2284 appeare
1360 2205 1394 2264 in

180 2304 231 2363 tha
254 2300 382 2363 Prelaca
402 2320 439 2362 or
459 2301 541 2362 table
565 2300 598 2362 ol
617 2301 680 2362 this
695 2300 816 2362 Booke.
834 2299 1021 2361 Translated
1043 2307 1097 2361 out
1116 2299 1151 2362 ol
1161 2301 1306 2363 Frencbe
1326 2302 1394 2364 into

180 2401 327 2481 English.
359 2399 532 2482 lmprinted
552 2408 584 2461 at
603 2398 736 2461 London
755 2398 795 2478 by
815 2399 926 2478 Henry
949 2398 1152 2477 Bynneman,
1178 2397 1229 2461 for
1252 2401 1393 2462 Thomas

180 2500 312 2561 Haeket.
332 2498 404 2560 And
415 2519 470 2561 are
485 2509 515 2563 11
529 2499 567 2562 be
583 2501 670 2563 solde
680 2508 712 2562 at
725 2501 776 2562 his
793 2501 920 2582 Shoppe
934 2501 968 2561 in
982 2501 1035 2562 the
1050 2500 1165 2580 Royall
1180 2501 1391 2582 Exchaunge,

179 2612 211 2659 at
225 2600 277 2659 the
293 2599 392 2679 Signa
407 2599 441 2660 ol
451 2601 504 2662 the
520 2600 625 2662 Green
641 2602 772 2680 Dragon
788 2597 880 2678 (Col.)
897 2620 929 2661 n.
947 2599 977 2660 d.
996 2601 1058 2672 111,
1082 2598 1174 2660 black
1197 2599 1298 2678 letter,
1316 2602 1342 2660 A
1360 2608 1392 2663 11

179 2697 261 2774 Rrii,
278 2697 313 2758 iu
338 2697 437 2772 lours,
461 2699 656 2778 exclusively
675 2697 709 2760 ol
727 2697 745 2759 6
765 2699 871 2760 leaves
886 2696 920 2759 of
932 2697 1139 2778 preliminary
1155 2705 1279 2759 matter.
1297 2697 1390 2760 Dedi·

177 2795 266 2858 cated
281 2804 313 2857 to
328 2795 375 2857 sir
389 2798 529 2860 Thomas
545 2797 701 2859 Gresham
716 2796 757 2876 by
772 2796 824 2859 the
840 2795 1011 2877 publishar.
1028 2794 1192 2857 Brittoell.
1212 2819 1225 2849 ι

221 2963 318 3029 Hanc
328 2963 587 3030 translationem
601 2962 923 3048 ThomasPayneles
933 2960 1243 3048 (ThomasPaynel)
1253 2960 1392 3046 scripsit
1421 2944 1423 2948 Α

175 3071 209 3135 11
225 3087 315 3135 anno
332 3072 368 3135 Ρ.
391 3071 425 3136 C.
447 3071 486 3135 N.
509 3070 695 3136 millesimo
715 3070 992 3157 quingentesimo
1011 3068 1224 3156 sexagesimo
1245 3069 1391 3153 septimo

178 3174 291 3263 (l567)
325 3176 438 3261 inquit
470 3176 662 3261 Gulielmus
692 3178 885 3261 Davenport
910 3177 1066 3243 Adamus
1097 3175 1165 3262 (W.
1196 3177 1392 3260 Davenport

173 3281 320 3369 Adams)
338 3284 361 3360 ²,
387 3283 478 3368 typis
502 3284 690 3350 mandavit.
718 3283 810 3368 Opus
835 3282 967 3362 incidit,
995 3286 1033 3350 ut
1053 3281 1243 3350 verisimile
1265 3284 1328 3362 est,
1354 3282 1391 3348 in

175 3407 303 3456 manus
318 3390 471 3456 Marlovii
497 3390 569 3474 qui,
594 3391 836 3456 Tamerlanum
853 3390 1045 3468 scribendo,
1063 3389 1127 3455 hoc
1142 3388 1177 3454 in
1194 3376 1391 3473 exemplum

174 3496 379 3582 assumpsit.
400 3498 561 3563 Attamen
578 3515 645 3563 non
662 3501 756 3564 extra
771 3497 875 3563 fidem
897 3499 949 3563 est
967 3515 1047 3562 eum
1066 3495 1191 3583 legisse
1210 3494 1338 3561 lihrum
1354 3494 1391 3561 in

173 3603 335 3688 linguam
350 3603 512 3690 gallicam
528 3623 745 3670 conversum.
763 3604 922 3688 Plerique
941 3607 1110 3689 poetarum
1126 3604 1159 3668 et
1173 3601 1297 3669 litteris
1312 3621 1390 3668 eru-

173 3701 343 3789 ditorum,
359 3711 572 3795 temporibus
591 3711 672 3790 illis,
694 3711 817 3799 gallice
833 3710 1028 3778 scribebant
1042 3713 1075 3777 11
1093 3709 1236 3799 gallicos
1252 3708 1391 3776 assidue

207 3914 216 3948 ¹
230 3914 393 3964 Hand-Book
407 3917 435 3965 11
449 3913 494 3965 the
508 3913 634 3980 Popular,
647 3914 765 3965 Poetical
777 3914 831 3965 and
844 3913 981 3965 Dramatic
993 3913 1131 3966 Literarue
1143 3913 1173 3965 11
1185 3913 1266 3964 Great
1275 3912 1391 3975 Britain,

170 3997 256 4047 From
276 3994 322 4044 the
341 3994 482 4045 invention
507 3995 537 4045 11
557 3995 682 4058 Printing
705 3998 734 4046 11
756 3995 802 4046 the
826 3994 1005 4046 Restoratien.
1028 3995 1064 4059 By
1083 3994 1125 4046 W.
1146 3994 1236 4045 (laren
1261 3992 1389 4044 Hazlitt...

167 4075 298 4133 London,
315 4073 385 4124 John
400 4074 504 4125 Russell
517 4075 612 4133 Smith‚
626 4075 697 4137 18111,
712 4076 723 4124 1
736 4075 789 4125 vol.
804 4075 880 4126 11111.

200 4154 385 4218 2Dictionary
406 4154 435 4204 11
453 4154 563 4218 English
583 4155 734 4205 Literature
752 4155 834 4220 being
850 4169 867 4206 a
890 4153 1112 4221 comprehensive
1129 4153 1215 4205 Guide
1233 4156 1262 4206 to
1281 4151 1390 4216 English

163 4238 292 4294 Authers
312 4235 367 4286 and
390 4235 462 4286 their
483 4236 559 4286 work
580 4236 614 4300 by
633 4236 673 4287 W.
694 4236 849 4301 Davenport
869 4236 978 4287 Adams.
996 4234 1060 4284 New
1075 4235 1129 4285 and
1151 4234 1257 4286 revised
1276 4231 1388 4284 edition.

163 4317 274 4382 Cesset,
289 4315 409 4380 London,
422 4315 498 4366 Paris
510 4319 537 4366 11
546 4315 701 4378 Neu-York,
714 4329 737 4368 s.
752 4316 778 4367 d.
796 4316 805 4367 l
825 4315 878 4369 vol.
891 4314 1054 4367 1111111111.
