3120 5474
671 372 800 432 --177
822 403 861 417 -

206 541 439 627 Sakespearus
452 540 566 610 Judoei
580 541 767 608 Melitensis
790 560 859 608 non
877 541 1007 609 inscius
1026 544 1099 609 erat
1121 544 1154 609 et
1177 542 1252 620 sine
1270 542 1376 610 dubio

164 646 231 713 sibi
245 651 325 714 ante
342 649 457 714 oculos
473 648 586 742 posuit
601 648 741 715 Barabae
761 648 949 736 imaginem
969 668 1075 734 quum
1096 649 1256 736 Shylocki
1278 648 1375 738 (Shy-

163 752 253 842 look)
282 773 465 840 personam
495 755 637 821 invenit.
673 755 792 822 Plures
821 756 1019 840 posterioris
1049 759 1163 842 partes
1190 774 1233 822 ex
1264 754 1377 842 priore

162 859 347 927 manifesto
370 865 516 946 sumptae
543 860 697 940 luerunt,
722 862 882 946 quamvis
905 863 1001 929 nullo
1022 862 1095 929 loco
1115 881 1266 931 versurae
1285 863 1378 930 haud

162 966 277 1034 dubiae
296 971 492 1054 appareant.
511 969 766 1053 Shakespearus
780 968 893 1036 Judoei
908 988 1092 1056 personam
1109 968 1208 1035 linxit
1223 969 1322 1037 aliter
1338 988 1378 1037 ac

161 1074 361 1152 lllarlovius,
383 1075 441 1160 qui
464 1076 529 1141 iter
551 1075 676 1142 aemulo
700 1095 762 1142 suo
786 1076 991 1161 patefecerat
1013 1076 1203 1162 multisque
1222 1075 1378 1162 partibus

161 1179 307 1247 inferior
320 1184 383 1247 est.
401 1182 520 1266 Populi
541 1200 608 1247 non
628 1182 769 1248 offendit
792 1183 938 1262 animos
960 1183 1023 1250 etsi
1048 1183 1079 1248 ei
1103 1200 1170 1249 non
1187 1183 1376 1270 indulgeat.

163 1288 313 1354 Persona
325 1295 440 1354 autem
452 1309 468 1354 a
481 1289 642 1354 Marlovio
655 1287 813 1369 formata,
826 1290 985 1374 quamvis
995 1290 1159 1357 audacior
1171 1290 1228 1368 sit,
1241 1289 1378 1356 veritati

162 1395 365 1481 tamennon
379 1395 496 1461 minus
511 1397 705 1481 respondet.
724 1397 758 1462 Si
774 1397 923 1463 Barabas
943 1415 1052 1483 usque
1071 1397 1112 1462 ad
1131 1394 1236 1461 finem
1252 1395 1379 1463 fabulae

162 1501 370 1568 servavisset
385 1503 541 1571 animum
557 1510 591 1571 et
605 1505 742 1571 vultum
756 1523 842 1589 quos
853 1523 913 1589 per
924 1505 1009 1571 duos
1020 1503 1151 1590 primos
1161 1503 1258 1569 actus
1268 1507 1380 1570 osten·

162 1606 225 1685 dit,
249 1626 365 1673 mores
390 1613 423 1674 et
447 1629 569 1677 sensus
591 1611 793 1678 Judoeorum
816 1611 876 1696 qui
900 1610 1015 1677 medio
1038 1627 1111 1675 aevo
1138 1608 1278 1676 fuerunt
1300 1629 1378 1696 per·
1484 1701 1487 1707 Ι

162 1708 288 1777 lectius
322 1731 427 1797 quam
460 1714 650 1800 Shylockus
683 1715 918 1799 expressisset.
953 1715 1090 1782 Fortius
1123 1718 1156 1782 et
1188 1715 1379 1783 animosius

163 1819 435 1903 exprompsisset
448 1822 572 1888 horum
588 1822 797 1888 inexorabile
815 1821 852 1886 in
867 1821 1080 1888 Christianos
1094 1821 1213 1889 odium
1232 1826 1265 1888 et
1284 1822 1379 1887 inex-

163 1924 296 2008 pletum
327 1927 515 1994 ulciscendi
545 1928 711 1995 studium.
742 1928 854 1994 Nullis
877 1928 1048 2012 partibus,
1078 1929 1199 1997 Judoeo
1222 1930 1378 2014 excepto,

163 2030 339 2098 intuentes
353 2034 453 2100 valde
467 2038 638 2101 tenentur.
655 2036 805 2102 Barabas
819 2052 899 2101 vero
914 2051 1058 2119 persona
1082 2040 1145 2115 est,
1166 2053 1235 2102 non
1254 2035 1381 2102 similis

164 2139 248 2218 veri,
267 2140 343 2205 sine
357 2140 474 2221 dubie,
492 2143 552 2208 sed
567 2160 634 2208 una
651 2162 692 2208 ex
709 2141 777 2207 illis
804 2141 1015 2227 imaginibus
1039 2161 1116 2228 quae
1139 2142 1247 2228 aequis
1271 2141 1381 2209 oculis

165 2264 233 2313 non
249 2248 383 2333 adspioi
398 2253 552 2333 possunt.
569 2250 630 2316 Vel
646 2267 726 2326 una,
742 2249 875 2333 pulpito
890 2248 1065 2334 implendo
1080 2247 1239 2334 plebique
1249 2266 1382 2334 permo

164 2355 285 2421 vendae
299 2373 363 2440 par
378 2361 440 2421 est.
460 2356 532 2422 Hoc
547 2355 721 2441 specimen
736 2355 860 2422 fabulae
878 2355 1105 2423 Melodrome
1123 2358 1262 2450 vocatae,
1287 2372 1380 2421 com-

162 2460 316 2543 positum
341 2481 360 2527 a
386 2462 551 2548 scriptore
574 2462 701 2528 valenti
728 2462 770 2528 ad
795 2460 1030 2527 excelsissima
1053 2459 1192 2548 fastigia
1210 2459 1381 2547 magnilo-

163 2568 317 2651 quentiae
336 2568 549 2655 attingenda‚
575 2571 609 2633 et
632 2567 731 2652 cujus
752 2567 918 2632 eximium
944 2565 1125 2648 ingenium
1147 2570 1265 2632 notam
1283 2585 1383 2634 suam

160 2674 285 2740 multis
296 2675 334 2740 in
345 2675 429 2740 locis
443 2674 631 2759 impressit,
648 2673 782 2740 fortiter
796 2673 985 2759 cogitatum
1001 2675 1064 2752 est,
1081 2678 1115 2739 et
1129 2692 1240 2739 scenae
1254 2673 1384 2758 praebet
1420 2735 1424 2740 ,

159 2780 431 2866 intelligentiam
448 2781 613 2847 hactenus
629 2780 817 2846 insolitam.
833 2780 913 2857 Res,
929 2778 1050 2845 multis
1066 2779 1196 2845 eventis
1208 2779 1379 2856 intricata,

158 2887 339 2954 intuentes
362 2888 458 2954 ducit
485 2888 527 2954 ad
551 2888 748 2975 argumenti
773 2886 903 2952 exitum
928 2904 989 2969 per
1012 2884 1209 2969 frequentes
1234 2886 1383 2973 tragicos

158 2995 272 3060 nodos
288 2997 323 3060 et
336 3011 397 3078 per
421 2995 553 3061 subitas
575 2994 837 3080 inopinatosque
855 2995 1056 3059 eventorum
1082 2993 1379 3059 commutationes

156 3100 335 3168 llelitensi
359 3100 498 3180 ludum,
525 3105 562 3167 ut
586 3101 689 3186 hujus
713 3100 909 3167 fabularum
933 3099 1070 3186 generis
1093 3099 1291 3183 exemplum
1311 3099 1382 3165 iere

153 3207 357 3294 perfectum
381 3207 446 3285 sil,
476 3208 563 3273 nihil
592 3209 689 3275 deest
715 3209 839 3292 praeter
860 3206 946 3272 duas
974 3205 1120 3271 virtutes
1144 3224 1221 3290 quae
1249 3205 1382 3272 cunctis

150 3313 321 3383 Marlovii
338 3312 464 3379 fabulis
479 3313 663 3381 deficiunt:
681 3315 823 3381 modum
843 3313 879 3378 in
898 3311 1058 3398 cogitatis
1081 3311 1169 3377 etin
1190 3311 1379 3392 affectibus

147 3420 507 3506 moderationemque
525 3422 710 3487 verborum
725 3421 851 3507 quibus
864 3423 1010 3504 utraque
1025 3418 1278 3504 exprimuntur.
