3120 5474
770 389 996 472 fna-

306 584 414 651 quum
444 563 485 632 de
505 565 653 652 fastigiis
673 565 742 630 illis
762 565 967 643 demissum,
986 566 1104 632 drama
1127 568 1255 632 novum
1271 564 1358 631 inter
1372 583 1417 630 res
1428 563 1476 649 pri·
1553 601 1556 613 ·

306 677 402 739 vatas
417 673 495 741 vitae
510 672 692 738 familiaris
712 691 793 738 suos
807 673 932 738 evolvit
952 673 1070 749 nodos,
1092 672 1241 758 gradum
1266 676 1299 738 et
1321 689 1478 738 sermonen

307 799 408 846 suum
425 799 545 846 versus
561 797 628 845 non
645 779 805 845 similiter
820 779 981 845 desinens
1005 779 1161 863 expedite
1184 782 1296 844 mutat
1319 781 1356 844 ut
1378 777 1477 862 simpli·

306 885 391 962 cius,
408 885 530 952 callide
546 888 672 965 tamen,
686 902 910 970 personarum
921 902 1020 951 voces
1031 884 1195 951 etlundat.
1209 884 1477 959 Obtinebisetiam,

304 991 372 1058 nisi
388 990 449 1057 tibi
467 991 577 1057 soluta
593 976 744 1057 oratione
760 990 1007 1075 aliquantisper
1023 990 1072 1056 uti
1089 990 1203 1074 potius
1223 991 1360 1057 libitum
1380 991 1443 1064 erit,
1456 993 1480 1054 ut

305 1117 384 1164 eum
400 1096 541 1164 fervidis
561 1102 593 1164 et
612 1098 710 1165 caesis
730 1096 910 1182 colloquiis
926 1114 1107 1164 scenarum
1129 1098 1280 1164 maxime
1305 1097 1480 1165 comicarun

305 1208 381 1291 apte
396 1207 429 1269 et
448 1204 610 1271 facillime
624 1205 875 1272 accommodes.

347 1311 474 1377 Versus
497 1328 564 1377 non
586 1311 748 1378 similiter
763 1311 971 1389 desinentes
993 1313 1149 1396 utsupra
1172 1312 1258 1392 dixi,
1285 1313 1320 1379 in
1338 1312 1484 1379 usuerant

303 1423 487 1503 antequam
498 1418 682 1485 Marlovius
697 1437 738 1484 ex
752 1417 796 1484 iis
813 1418 998 1484 utilitatem
1012 1423 1158 1503 caperet.
1176 1420 1204 1485 li
1222 1422 1337 1486 autem
1348 1420 1486 1504 quisupe-

304 1526 453 1592 rioribus
469 1524 682 1610 temporibus
706 1543 763 1591 eos
783 1528 1045 1609 usurpaverant,
1063 1527 1243 1592 commoda
1263 1527 1388 1612 quibus
1403 1526 1488 1592 abun·
1528 1549 1529 1552 ¹

303 1632 386 1698 dant
409 1650 478 1698 non
498 1631 804 1716 deprehenderant,
830 1633 883 1699 vel
908 1633 946 1698 in
969 1652 1041 1699 rern
1066 1652 1166 1699 suam
1188 1633 1414 1719 nequiverant
1436 1632 1492 1697 haec

303 1741 483 1806 commoda
511 1743 719 1806 convertere.
749 1741 819 1808 Hoc
848 1741 885 1806 in
911 1741 1066 1808 Marlovii
1094 1741 1195 1807 laude
1222 1742 1419 1826 ponendum
1443 1741 1493 1815 est,
1554 1824 1556 1835 Ι

303 1865 381 1913 eum
402 1848 493 1914 clare
517 1847 731 1933 perspexisse
754 1867 793 1914 ea
821 1868 899 1934 quae
927 1867 946 1914 a
977 1848 1213 1934 superioribus
1237 1848 1378 1916 confuse
1401 1848 1497 1914 solum

303 1959 478 2039 prospecta
489 1953 636 2032 fuerant,
650 1958 683 2021 et
693 1973 767 2021 rem
778 1973 883 2039 quam
895 1955 1091 2022 inchoatam
1102 1954 1315 2039 reliquerant
1329 1954 1501 2022 adduxisse

301 2062 344 2127 ad
366 2061 537 2129 effectum.
567 2062 715 2146 Tempus
739 2061 781 2129 ad
806 2061 983 2147 inceptum
1006 2066 1077 2128 tam
1102 2061 1265 2127 idoneum
1291 2064 1375 2141 erat,
1400 2067 1502 2128 eires

267 2194 271 2201 ·
300 2169 384 2234 adeo
399 2167 436 2233 in
451 2171 655 2236 cunctorum
669 2169 770 2248 votiS,
787 2174 825 2236 ut
839 2170 1023 2237 Marlovius
1037 2168 1199 2236 universa
1219 2167 1331 2253 plebis
1346 2167 1505 2254 suffragia

300 2275 498 2360 captaverit,
524 2276 684 2361 quamvis
699 2275 742 2342 ab
757 2277 886 2344 invidis
905 2277 1120 2361 vituperatus
1134 2276 1168 2341 et
1189 2275 1233 2340 ab
1257 2274 1408 2340 infirmis
1423 2273 1508 2341 deri·

301 2401 361 2448 sus
376 2381 490 2448 tuerit.
507 2383 694 2449 Confestim
710 2387 744 2450 et
765 2384 921 2467 impenso
946 2383 1060 2451 studio
1083 2382 1108 2448 ii
1132 2381 1192 2467 qui
1217 2382 1337 2448 eodem
1361 2385 1510 2466 tempore

301 2488 434 2556 fabulas
455 2489 649 2556 scribebant
674 2509 753 2557 eum
779 2490 905 2558 imitati
931 2495 1023 2557 sunt.
1049 2491 1088 2556 In
1109 2488 1273 2555 omnibus
1296 2489 1513 2556 dramatibus

300 2599 417 2680 postea
440 2596 477 2661 in
501 2615 639 2662 scenam
659 2597 822 2676 inductis,
840 2597 930 2664 intra
950 2598 1054 2664 etiam
1070 2600 1218 2682 quatuor
1232 2614 1342 2662 annos
1358 2597 1514 2681 proxime

301 2704 482 2786 sequentes
498 2700 724 2790 (lost-loen),
741 2723 863 2773 versus
874 2723 943 2771 non
955 2704 1117 2776 similiter
1127 2704 1324 2770 desinentes
1335 2703 1373 2769 in
1381 2721 1514 2771 morem

300 2808 455 2876 veniunt.
481 2810 586 2876 Tanta
611 2829 690 2878 cum
712 2811 885 2879 celeritate
910 2811 1079 2896 assumpti
1096 2811 1233 2878 suntad
1249 2810 1366 2877 omnia
1383 2810 1516 2878 fabula·

301 2934 380 2982 rum
408 2933 536 3003 genera
556 2917 646 2984 inter
670 2919 875 3004 tragoediam
894 2921 928 2986 et
948 2919 1096 2985 mimum
1115 2917 1229 2984 media
1254 2919 1514 3003 componenda,

301 3027 339 3090 ut
354 3022 384 3089 is
399 3025 458 3108 qui
477 3023 616 3110 scripsit
629 3025 754 3091 Morale
769 3027 915 3092 Carmen
928 3024 1027 3111 cujus
1051 3043 1131 3111 pars
1157 3023 1251 3110 prior
1276 3045 1284 3089 :
1315 3026 1388 3093 Tlve
1414 3025 1517 3092 three

299 3131 433 3199 bootes
458 3130 501 3216 of
518 3133 671 3199 London
699 3132 875 3217 inscripta,
906 3133 1063 3200 versibus
1092 3132 1253 3198 eumdem
1289 3131 1327 3197 in
1361 3132 1516 3199 cadendo

299 3257 422 3305 sonum
438 3237 665 3306 referentibus
681 3240 842 3306 mandata
857 3238 980 3318 fuerat,
998 3240 1040 3306 ad
1056 3239 1304 3324 posteriorem:
1327 3239 1399 3306 The
1414 3239 1517 3306 three

299 3345 417 3413 Lords
436 3347 513 3412 and
537 3346 638 3413 three
661 3347 797 3413 Ladies
821 3345 864 3431 os
879 3348 1032 3414 London
1051 3346 1193 3427 dictam,
1218 3345 1425 3413 Tamerlano
1440 3345 1518 3432 jam

300 3457 385 3533 acto,
416 3453 581 3520 carminis
608 3455 710 3520 modo
738 3453 994 3533 includendam,
1026 3451 1244 3538 usurpaverit
1271 3470 1417 3520 versum
1446 3471 1518 3520 non

299 3559 460 3627 similiter
474 3561 689 3628 desinentem
705 3560 795 3648 (Vid.
816 3564 934 3628 nolam
948 3560 1004 3650 (l.)

342 3667 539 3745 Marlovius,
555 3667 796 3733 Tamerlanum
818 3667 1009 3748 scribendO,
1031 3686 1099 3735 non
1114 3668 1227 3735 solum
1251 3666 1403 3736 dramati
1427 3687 1518 3738 novo

298 3771 445 3839 formam
460 3776 592 3839 naturae
607 3771 680 3857 ejus
695 3773 846 3839 maxime
861 3780 1108 3861 congruentem
1123 3775 1299 3854 induerat,
1323 3774 1384 3841 sed
1409 3776 1518 3843 etiam

298 3877 402 3966 hujus
429 3878 566 3965 generis
590 3878 782 3964 proferebat
805 3880 1002 3966 exemplum
1027 3881 1204 3967 superiora
1229 3881 1433 3966 specimina,
1461 3883 1518 3949 in-

298 3984 417 4053 choata
434 4003 473 4052 ac
492 3984 603 4064 rudia,
620 3985 722 4072 longe
746 4005 924 4072 superans,
942 3988 1101 4073 quamvis
1116 3987 1210 4053 omni
1235 4007 1276 4053 ex
1299 3991 1398 4072 parte
1422 3993 1517 4056 certe

298 4109 367 4159 non
381 4090 571 4178 perfectum
586 4091 700 4158 tuerit.
718 4094 757 4159 In
775 4094 839 4160 hac
854 4093 980 4174 fabula,
998 4094 1108 4160 multa
1130 4094 1341 4179 deprehendi
1366 4100 1517 4179 possunt

297 4199 380 4266 vitia
404 4217 481 4284 quae
503 4196 595 4265 Nash
621 4216 747 4286 magna
775 4200 1025 4285 vituperatione
1050 4201 1088 4266 in
1109 4200 1201 4267 diem
1230 4200 1385 4267 scemcos
1410 4201 1515 4269 ludos

298 4311 508 4391 sequentem,
526 4309 564 4372 ut
579 4305 626 4370 ita
641 4305 767 4384 dicam,
782 4307 925 4385 notavit,
942 4308 1032 4374 etde
1047 4307 1173 4392 quibus
1188 4311 1386 4397 constanter
1400 4326 1420 4374 a
1435 4326 1515 4376 cen-

298 4413 432 4479 soribus
456 4412 640 4478 Marlovius
667 4411 868 4499 objurgatus
897 4413 974 4480 luit.
999 4413 1089 4480 Vitia
1114 4417 1228 4479 autem
1258 4414 1330 4493 illa,
1359 4433 1513 4499 quorum

296 4518 395 4605 plura
419 4519 493 4585 sine
517 4517 623 4584 dubio
643 4517 835 4585 voluntaria
860 4519 1147 4606 praecogitataque
1167 4519 1318 4598 fuerunt,
1346 4538 1513 4604 compen·

297 4628 370 4691 sata
386 4628 466 4692 sunt
480 4625 666 4692 virtutibus
677 4643 753 4709 quae
769 4627 905 4692 tantum
918 4625 1029 4692 nitent
1039 4631 1076 4693 ut
1087 4626 1267 4712 splendore
1279 4643 1341 4691 suo
1352 4627 1511 4693 maculas

297 4732 443 4802 deleant.
459 4733 629 4800 (laterum
644 4731 819 4818 exemplar
838 4731 928 4822 quod
944 4731 986 4799 ad
1002 4731 1209 4798 imitandum
1226 4733 1452 4818 proposuerat
1472 4732 1509 4799 in
