3120 5474
693 381 853 447 ..42-

168 555 260 624 bulis
288 552 391 643 hujus
416 572 569 642 persaepe
597 573 682 622 usus
710 558 775 622 est.
806 556 1000 622 Vehemens
1028 556 1165 634 natura,
1205 551 1361 620 confidens

170 662 349 751 ingenium
373 663 448 749 ejus
471 667 505 730 et
529 682 567 731 ea
590 663 778 748 petulantia
799 662 1009 743 inconsulta,
1027 680 1096 747 qua
1118 661 1290 746 impulsus
1310 658 1364 725 tuit

169 769 212 837 ad
235 770 422 858 pugionem
446 789 549 838 suum
568 771 854 858 destringendum
868 788 990 856 quum,
1011 768 1130 857 jurgio
1156 768 1361 842 contendens,

168 877 303 944 occisus
326 883 392 955 est,
420 877 499 962 plus
533 878 655 945 militis
685 896 791 964 quam
821 876 983 962 patientis
1010 876 1207 962 placidique
1239 873 1364 941 littemti

169 1002 291 1051 sensus
306 989 420 1070 aperte
436 984 634 1070 praeterunt,
658 1011 673 1045 ε

212 1091 335 1177 Opinio
350 1092 421 1170 illa,
445 1095 536 1158 certe
556 1096 654 1159 acuta
673 1096 707 1159 et
726 1091 906 1168 concinna,
932 1090 1023 1158 nuda
1043 1092 1162 1156 tamen
1185 1087 1367 1174 conjectura

168 1201 232 1276 est,
258 1200 291 1265 et
316 1217 356 1265 eo
384 1198 503 1265 minus
525 1199 717 1285 probanda,
738 1200 829 1284 quod
854 1198 950 1265 nullo
973 1197 1076 1264 modo
1098 1195 1312 1264 desideratur
1332 1194 1368 1260 ad

168 1323 206 1372 ea
231 1324 309 1392 quae
332 1306 375 1372 de
398 1306 560 1373 Marlovio
584 1311 756 1392 comperta
788 1310 870 1374 sunt
899 1303 1125 1390 explananda.
1161 1305 1252 1380 lmo,
1282 1301 1369 1368 lactis

168 1411 254 1498 ipsis
271 1412 409 1499 oblique
428 1407 662 1500 redarguitur.
680 1414 845 1495 Quamvis
859 1412 986 1498 aliquis
1005 1411 1091 1478 artis
1104 1411 1272 1478 vocabula
1287 1409 1368 1476 mili-

170 1519 253 1587 taris
268 1538 437 1605 usurpare
451 1520 679 1599 consueverit,
697 1538 765 1586 non
781 1520 858 1587 ideo
873 1520 903 1586 is
915 1520 1015 1585 miles
1026 1519 1107 1598 suit;
1124 1518 1168 1585 ad
1184 1536 1259 1584 rem
1273 1516 1369 1602 expli-

117 1651 122 1662 ·
168 1627 315 1693 eandam
335 1626 419 1693 satis
434 1631 487 1692 est
511 1644 591 1693 eum
609 1627 772 1693 militiam
795 1628 987 1694 adamasse.
1015 1625 1171 1693 llarlovii
1195 1626 1370 1692 vehemens

168 1740 291 1799 natura
311 1736 345 1800 et
363 1732 539 1801 confidens
559 1734 752 1822 ingenium,
774 1735 859 1800 vitia
879 1734 953 1820 ipsa
976 1752 1066 1819 quae,
1091 1738 1269 1811 caeterum,
1290 1731 1371 1798 sama

168 1840 324 1908 mendaci
345 1840 382 1906 in
402 1840 515 1926 majus
531 1860 612 1908 vero
632 1842 699 1907 lata
716 1841 824 1908 fuisse
846 1842 1019 1919 videntur,
1041 1844 1115 1906 orta
1142 1858 1219 1906 esse
1240 1841 1373 1924 possunt

168 1951 311 2015 emente
322 1947 475 2036 fingendi
491 1949 589 2015 avida
607 1950 734 2033 pariter
749 1953 851 2034 atque
866 1949 982 2035 pravis
996 1947 1307 2015 consuetudinibus
1320 1964 1374 2031 per

168 2055 285 2122 aestiva
310 2055 432 2141 captis.
457 2055 613 2140 Denique
639 2057 844 2123 Franciscus
867 2056 1155 2141 Cunninghamus
1184 2054 1373 2139 opinionem

168 2181 267 2230 suam
282 2162 435 2252 confutat
450 2161 534 2248 ipse,
552 2164 854 2230 commemorando
865 2182 938 2229 rem
949 2146 1054 2248 quam
1066 2163 1204 2247 Paynus
1215 2161 1373 2227 Collierus

168 2269 354 2356 diligenter
370 2269 630 2348 demonstmvit,
648 2270 681 2336 id
702 2271 766 2349 est,
783 2272 896 2354 partes
914 2270 1001 2335 duas
1019 2269 1246 2346 Tomertont,
1261 2267 1374 2353 primae

167 2376 384 2443 llarlovianae
407 2376 544 2458 tabulae,
569 2376 730 2443 Londinii
747 2379 839 2443 actas
859 2376 965 2443 luisse
980 2392 1070 2441 anno
1090 2377 1127 2441 P.
1149 2375 1185 2440 G.
1205 2376 1247 2440 N.
1269 2360 1373 2439 mille·

168 2482 257 2549 simo
273 2483 552 2570 quingentesimo
567 2484 777 2570 octogesimo
797 2484 943 2569 septimo
970 2481 1095 2570 (1587),
1122 2480 1279 2548 nondum
1303 2497 1374 2546 con-

167 2589 267 2669 fecto,
287 2607 355 2675 quo
375 2607 464 2656 anno
484 2591 668 2657 Marlovius
688 2591 817 2658 artium
840 2592 1008 2678 magister
1032 2588 1144 2655 factus
1162 2592 1227 2654 est.
1244 2588 1375 2655 Constat

167 2701 292 2783 praeter
324 2698 396 2764 haec
428 2715 520 2779 eum,
554 2698 854 2785 cantabrigienses
880 2716 988 2782 quum
1020 2697 1184 2763 incoleret
1214 2695 1372 2772 Athenas,

167 2804 336 2890 quosdam
364 2823 496 2891 graecos
525 2806 719 2891 latinosque
755 2809 872 2891 poetas
903 2805 972 2871 nisi
1005 2803 1041 2870 in
1070 2806 1195 2881 totum,
1224 2801 1374 2887 partibus

168 2911 291 2977 saltem
315 2911 352 2977 in
377 2912 612 2979 Britannicam
636 2914 792 3000 linguam
817 2912 1039 2979 convertisse.
1074 2910 1317 2992 Quamtumvis
1342 2908 1374 2972 in

168 3017 271 3085 rebus
287 3019 450 3106 gerendis
465 3038 543 3086 acer
557 3018 672 3098 suerit,
694 3020 781 3085 mihi
801 3023 916 3086 tamen
942 3018 1078 3086 videtur
1102 3017 1291 3084 hlarlovius
1309 3018 1374 3082 stu-

167 3124 235 3193 diis
266 3125 480 3193 scholasticis
511 3129 545 3192 et
577 3125 737 3210 operibus
772 3126 842 3192 illis
871 3129 942 3192 tam
970 3126 1158 3209 occupatus
1192 3122 1312 3201 luisse,
1340 3123 1374 3186 ut

167 3251 460 3318 supervacaneum
489 3234 534 3300 sit
557 3250 712 3318 quaerere
736 3251 779 3298 an
805 3232 883 3300 aliis
898 3232 935 3298 in
949 3230 1126 3298 laboribus
1149 3234 1290 3315 tempus
1313 3245 1374 3295 non

167 3342 431 3426 consumpserit.

210 3448 372 3515 Attamen
386 3467 456 3515 non
477 3448 698 3515 infitiandum
718 3449 769 3514 est
790 3446 943 3513 Fleaium
970 3442 1124 3533 (Fleay)¹
1150 3462 1298 3510 assensu
1319 3457 1375 3508 suo

167 3556 423 3643 Gunninghami
454 3556 650 3641 opinionem
685 3554 925 3640 comprobasse
944 3558 977 3620 et
1000 3553 1185 3619 Bullenum
1211 3569 1289 3618 eam
1312 3565 1375 3615 non

119 3650 128 3669 ⁸
167 3663 413 3749 repudiavisse‚
440 3664 600 3748 quamvis
624 3663 792 3749 posterior
815 3679 882 3728 non
908 3662 945 3728 in
968 3679 1095 3747 magno
1118 3659 1323 3725 discrimine
1344 3653 1375 3722 id

167 3772 283 3858 ponat,
304 3771 507 3837 Merlovium
529 3772 614 3837 artis
633 3769 796 3837 militaris
819 3769 984 3836 vocabula
1003 3785 1155 3853 persaepe
1178 3780 1373 3851 usurpasse,

167 3879 191 3946 ii
213 3878 307 3945 enim
325 3878 397 3964 qui,
416 3878 589 3946 Elisabeth
606 3881 783 3964 regnante,
806 3876 940 3944 tabulas
961 3875 1138 3950 docebant,
1160 3873 1276 3957 inquit
1295 3873 1373 3957 ipse,

167 3990 201 4053 et
224 3985 409 4054 Marlovius
432 3990 511 4053 ante
535 4004 671 4066 omneS,
701 3984 873 4070 aptissimi
897 3987 996 4051 erant
1019 3983 1061 4050 ad
1085 3979 1188 4048 verba
1214 3979 1375 4066 cujusque

167 4095 252 4162 artis
267 4095 406 4182 propria
420 4095 456 4161 in
473 4113 575 4162 suum
591 4092 766 4160 vertenda.

213 4203 339 4289 Dycius
362 4202 505 4282 notavit,
529 4205 562 4268 et
585 4201 726 4287 quidem
745 4218 815 4266 non
833 4198 931 4279 falsu,
953 4195 1103 4281 Philippi
1126 4191 1299 4282 (Philtps),
1321 4189 1376 4278 qui

168 4309 318 4376 Miltonis
342 4328 448 4397 nepos
471 4312 556 4390 erat,
587 4299 784 4395 opinionem
812 4325 880 4392 qua
903 4306 934 4370 is
958 4303 1133 4404 contendit
1156 4300 1205 4388 (in
1232 4302 1375 4413 Theotr.

200 4595 209 4629 ¹
235 4592 341 4645 Collins'
363 4594 459 4645 School
484 4593 539 4646 and
569 4591 673 4654 college
700 4590 822 4642 Classics.
846 4578 977 4640 Marlow’s
1003 4587 1117 4651 tragedy
1143 4584 1172 4636 ol
1193 4584 1309 4636 Edward
1334 4582 1377 4633 the

168 4673 315 4728 Second...
334 4674 369 4738 by
383 4675 411 4725 F.
426 4674 455 4726 G.
470 4674 558 4740 Flesy,
573 4671 683 4724 london
699 4671 753 4724 and
768 4671 899 4739 Glssgow.
915 4671 961 4724 W.
976 4667 1084 4730 Collins,
1108 4665 1177 4729 1877,
1197 4665 1209 4716 1
1228 4665 1282 4717 vol.
1299 4663 1376 4724 init,

168 4769 197 4830 p.
214 4755 253 4808 12.
